<gnc:transaction version="2.0.0">
  <trn:id type="guid">60ebd56bc8664c63a1358e8a5b3e4943</trn:id>
  <trn:currency>
    <cmdty:space>CURRENCY</cmdty:space>
    <cmdty:id>EUR</cmdty:id>
  </trn:currency>
  <trn:date-posted>
    <ts:date>2024-07-27 10:50:00 +0000</ts:date>
  </trn:date-posted>
  <trn:date-entered>
    <ts:date>2024-09-15 15:53:00 +0000</ts:date>
  </trn:date-entered>
  <trn:description>Anfangsbestand</trn:description>
  <trn:slots>
    <slot>
      <slot:key>date-posted</slot:key>
      <slot:value type="gdate">
        <gdate>2024-07-27</gdate>
      </slot:value>
    </slot>
  </trn:slots>
  <trn:splits>
    <trn:split>
      <split:id type="guid">3f763dac9ac24a67a8e61baa67be60c9</split:id>
      <split:reconciled-state>n</split:reconciled-state>
      <split:value>303502/100</split:value>
      <split:quantity>303502/100</split:quantity>
      <split:account type="guid">8ae1088a26474946aecc715117ab643e</split:account>
</trn:split>
<trn:split>
      <split:id type="guid">de4da60f130b4e5c9c10501a2a153269</split:id>
      <split:reconciled-state>n</split:reconciled-state>
      <split:value>-303502/100</split:value>
      <split:quantity>-303502/100</split:quantity>
      <split:account type="guid">a407a639325647358d22326700816fc6</split:account>
</trn:split>
</trn:splits>
</gnc:transaction>
<gnc:transaction version="2.0.0">
  <trn:id type="guid">e73ce44778284c4abd3dd69d21a0bd3f</trn:id>
  <trn:currency>
    <cmdty:space>CURRENCY</cmdty:space>
    <cmdty:id>EUR</cmdty:id>
  </trn:currency>
  <trn:date-posted>
    <ts:date>2024-07-27 10:50:00 +0000</ts:date>
  </trn:date-posted>
  <trn:date-entered>
    <ts:date>2024-09-15 15:53:00 +0000</ts:date>
  </trn:date-entered>
  <trn:description>Anfangsbestand</trn:description>
  <trn:slots>
    <slot>
      <slot:key>date-posted</slot:key>
      <slot:value type="gdate">
        <gdate>2024-07-27</gdate>
      </slot:value>
    </slot>
  </trn:slots>
  <trn:splits>
    <trn:split>
      <split:id type="guid">9e6c56a0a6664075930ab504b3e1c884</split:id>
      <split:reconciled-state>n</split:reconciled-state>
      <split:value>137932/100</split:value>
      <split:quantity>137932/100</split:quantity>
      <split:account type="guid">5083dd52a7cf4cc39aae3d253010e116</split:account>
</trn:split>
<trn:split>
      <split:id type="guid">f21a172faf534ababac53c4458bf6cdc</split:id>
      <split:reconciled-state>n</split:reconciled-state>
      <split:value>-137932/100</split:value>
      <split:quantity>-137932/100</split:quantity>
      <split:account type="guid">a407a639325647358d22326700816fc6</split:account>
</trn:split>
</trn:splits>
</gnc:transaction>
<gnc:transaction version="2.0.0">
  <trn:id type="guid">563c2b93bc3a4034a1bd2cbaa7ec6a80</trn:id>
  <trn:currency>
    <cmdty:space>CURRENCY</cmdty:space>
    <cmdty:id>EUR</cmdty:id>
  </trn:currency>
  <trn:date-posted>
    <ts:date>2024-07-27 10:50:00 +0000</ts:date>
  </trn:date-posted>
  <trn:date-entered>
    <ts:date>2024-09-15 15:53:00 +0000</ts:date>
  </trn:date-entered>
  <trn:description>Anfangsbestand</trn:description>
  <trn:slots>
    <slot>
      <slot:key>date-posted</slot:key>
      <slot:value type="gdate">
        <gdate>2024-07-27</gdate>
      </slot:value>
    </slot>
  </trn:slots>
  <trn:splits>
    <trn:split>
      <split:id type="guid">2414436b8a35441a9c0956422d44d020</split:id>
      <split:reconciled-state>n</split:reconciled-state>
      <split:value>8800/100</split:value>
      <split:quantity>8800/100</split:quantity>
      <split:account type="guid">c461895a6d8546a2854077f5e922f83e</split:account>
</trn:split>
<trn:split>
      <split:id type="guid">8be22cd6a58e40d78612b36e01c3ad70</split:id>
      <split:reconciled-state>n</split:reconciled-state>
      <split:value>-8800/100</split:value>
      <split:quantity>-8800/100</split:quantity>
      <split:account type="guid">a407a639325647358d22326700816fc6</split:account>
</trn:split>
</trn:splits>
</gnc:transaction>
<gnc:transaction version="2.0.0">
  <trn:id type="guid">2244427da75248f294b8d5a2dab31da4</trn:id>
  <trn:currency>
    <cmdty:space>CURRENCY</cmdty:space>
    <cmdty:id>EUR</cmdty:id>
  </trn:currency>
  <trn:date-posted>
    <ts:date>2024-07-27 10:50:00 +0000</ts:date>
  </trn:date-posted>
  <trn:date-entered>
    <ts:date>2024-09-15 15:53:00 +0000</ts:date>
  </trn:date-entered>
  <trn:description>Anfangsbestand</trn:description>
  <trn:slots>
    <slot>
      <slot:key>date-posted</slot:key>
      <slot:value type="gdate">
        <gdate>2024-07-27</gdate>
      </slot:value>
    </slot>
  </trn:slots>
  <trn:splits>
    <trn:split>
      <split:id type="guid">3c5267f5c5b1420ca90c1807490ce87d</split:id>
      <split:reconciled-state>n</split:reconciled-state>
      <split:value>73740/100</split:value>
      <split:quantity>73740/100</split:quantity>
      <split:account type="guid">e9364f389d584a4db8b98b63d7a06e26</split:account>
</trn:split>
<trn:split>
      <split:id type="guid">502133c864da42b098429074b78f0436</split:id>
      <split:reconciled-state>n</split:reconciled-state>
      <split:value>-73740/100</split:value>
      <split:quantity>-73740/100</split:quantity>
      <split:account type="guid">a407a639325647358d22326700816fc6</split:account>
</trn:split>
</trn:splits>
</gnc:transaction>
<gnc:transaction version="2.0.0">
  <trn:id type="guid">3a2ce44262c640deb07d980acfc2085b</trn:id>
  <trn:currency>
    <cmdty:space>CURRENCY</cmdty:space>
    <cmdty:id>EUR</cmdty:id>
  </trn:currency>
  <trn:date-posted>
    <ts:date>2024-07-27 10:50:00 +0000</ts:date>
  </trn:date-posted>
  <trn:date-entered>
    <ts:date>2024-09-15 15:53:00 +0000</ts:date>
  </trn:date-entered>
  <trn:description>Anfangsbestand</trn:description>
  <trn:slots>
    <slot>
      <slot:key>date-posted</slot:key>
      <slot:value type="gdate">
        <gdate>2024-07-27</gdate>
      </slot:value>
    </slot>
  </trn:slots>
  <trn:splits>
    <trn:split>
      <split:id type="guid">149a6ef445d04b71bc2fca77cd3cba16</split:id>
      <split:reconciled-state>n</split:reconciled-state>
      <split:value>43044/100</split:value>
      <split:quantity>43044/100</split:quantity>
      <split:account type="guid">c8613378f80d4bc8b4db574570ac5cee</split:account>
</trn:split>
<trn:split>
      <split:id type="guid">3bb15c1da379439e9ef510d42e83c7e4</split:id>
      <split:reconciled-state>n</split:reconciled-state>
      <split:value>-43044/100</split:value>
      <split:quantity>-43044/100</split:quantity>
      <split:account type="guid">a407a639325647358d22326700816fc6</split:account>
</trn:split>
</trn:splits>
</gnc:transaction>
<gnc:transaction version="2.0.0">
  <trn:id type="guid">5f374da3b656445b95ad594e956bde27</trn:id>
  <trn:currency>
    <cmdty:space>CURRENCY</cmdty:space>
    <cmdty:id>EUR</cmdty:id>
  </trn:currency>
  <trn:date-posted>
    <ts:date>2024-07-27 10:50:00 +0000</ts:date>
  </trn:date-posted>
  <trn:date-entered>
    <ts:date>2024-09-15 15:53:00 +0000</ts:date>
  </trn:date-entered>
  <trn:description>Anfangsbestand</trn:description>
  <trn:slots>
    <slot>
      <slot:key>date-posted</slot:key>
      <slot:value type="gdate">
        <gdate>2024-07-27</gdate>
      </slot:value>
    </slot>
  </trn:slots>
  <trn:splits>
    <trn:split>
      <split:id type="guid">400244bda9f346cd8532ef87083bcf52</split:id>
      <split:reconciled-state>n</split:reconciled-state>
      <split:value>70441/100</split:value>
      <split:quantity>70441/100</split:quantity>
      <split:account type="guid">19dd92b777904fa299ada1f45861de9a</split:account>
</trn:split>
<trn:split>
      <split:id type="guid">c84cca52a25c417ab321c461d8e3179a</split:id>
      <split:reconciled-state>n</split:reconciled-state>
      <split:value>-70441/100</split:value>
      <split:quantity>-70441/100</split:quantity>
      <split:account type="guid">a407a639325647358d22326700816fc6</split:account>
</trn:split>
</trn:splits>
</gnc:transaction>
<gnc:transaction version="2.0.0">
  <trn:id type="guid">431ec0a5c529471fa4e6c9b2760f1238</trn:id>
  <trn:currency>
    <cmdty:space>CURRENCY</cmdty:space>
    <cmdty:id>EUR</cmdty:id>
  </trn:currency>
  <trn:date-posted>
    <ts:date>2024-07-27 10:50:00 +0000</ts:date>
  </trn:date-posted>
  <trn:date-entered>
    <ts:date>2024-09-15 15:53:00 +0000</ts:date>
  </trn:date-entered>
  <trn:description>Anfangsbestand</trn:description>
  <trn:slots>
    <slot>
      <slot:key>date-posted</slot:key>
      <slot:value type="gdate">
        <gdate>2024-07-27</gdate>
      </slot:value>
    </slot>
  </trn:slots>
  <trn:splits>
    <trn:split>
      <split:id type="guid">8fdc617486d345bf9661da660b46c70b</split:id>
      <split:reconciled-state>n</split:reconciled-state>
      <split:value>296333/100</split:value>
      <split:quantity>296333/100</split:quantity>
      <split:account type="guid">d0fb1b54831947bfafceba601e2528a3</split:account>
</trn:split>
<trn:split>
      <split:id type="guid">ad18e1dd58c0472f8813886bb1bbc50d</split:id>
      <split:reconciled-state>n</split:reconciled-state>
      <split:value>-296333/100</split:value>
      <split:quantity>-296333/100</split:quantity>
      <split:account type="guid">a407a639325647358d22326700816fc6</split:account>
</trn:split>
</trn:splits>
</gnc:transaction>
<gnc:transaction version="2.0.0">
  <trn:id type="guid">664f068ce922431ca0505cdf4ce6d0b8</trn:id>
  <trn:currency>
    <cmdty:space>CURRENCY</cmdty:space>
    <cmdty:id>EUR</cmdty:id>
  </trn:currency>
  <trn:date-posted>
    <ts:date>2024-07-27 10:50:00 +0000</ts:date>
  </trn:date-posted>
  <trn:date-entered>
    <ts:date>2024-09-15 15:53:00 +0000</ts:date>
  </trn:date-entered>
  <trn:description>Anfangsbestand</trn:description>
  <trn:slots>
    <slot>
      <slot:key>date-posted</slot:key>
      <slot:value type="gdate">
        <gdate>2024-07-27</gdate>
      </slot:value>
    </slot>
  </trn:slots>
  <trn:splits>
    <trn:split>
      <split:id type="guid">9d8c81f9c36e4ee795bad513b8f9dbb7</split:id>
      <split:reconciled-state>n</split:reconciled-state>
      <split:value>63034/100</split:value>
      <split:quantity>63034/100</split:quantity>
      <split:account type="guid">ab6c494c576841bd80d025eac50efcbf</split:account>
</trn:split>
<trn:split>
      <split:id type="guid">e61232de915742b58256491a2d652f7f</split:id>
      <split:reconciled-state>n</split:reconciled-state>
      <split:value>-63034/100</split:value>
      <split:quantity>-63034/100</split:quantity>
      <split:account type="guid">a407a639325647358d22326700816fc6</split:account>
</trn:split>
</trn:splits>
</gnc:transaction>
<gnc:transaction version="2.0.0">
  <trn:id type="guid">72022cfd2aae4220bfa3c0a7adde9499</trn:id>
  <trn:currency>
    <cmdty:space>CURRENCY</cmdty:space>
    <cmdty:id>EUR</cmdty:id>
  </trn:currency>
  <trn:date-posted>
    <ts:date>2024-07-27 10:50:00 +0000</ts:date>
  </trn:date-posted>
  <trn:date-entered>
    <ts:date>2024-09-15 15:53:00 +0000</ts:date>
  </trn:date-entered>
  <trn:description>Anfangsbestand</trn:description>
  <trn:slots>
    <slot>
      <slot:key>date-posted</slot:key>
      <slot:value type="gdate">
        <gdate>2024-07-27</gdate>
      </slot:value>
    </slot>
  </trn:slots>
  <trn:splits>
    <trn:split>
      <split:id type="guid">35a8214269634093b3b9e2ed69f6b2ad</split:id>
      <split:reconciled-state>n</split:reconciled-state>
      <split:value>-2169/100</split:value>
      <split:quantity>-2169/100</split:quantity>
      <split:account type="guid">6a9e0d3c0bde4306af59421b91412355</split:account>
</trn:split>
<trn:split>
      <split:id type="guid">d8ff6483d1af47a49ebe8fe7e6001c44</split:id>
      <split:reconciled-state>n</split:reconciled-state>
      <split:value>2169/100</split:value>
      <split:quantity>2169/100</split:quantity>
      <split:account type="guid">a407a639325647358d22326700816fc6</split:account>
</trn:split>
</trn:splits>
</gnc:transaction>
<gnc:transaction version="2.0.0">
  <trn:id type="guid">7c24f5094d3d4fcfb512497715645cc4</trn:id>
  <trn:currency>
    <cmdty:space>CURRENCY</cmdty:space>
    <cmdty:id>EUR</cmdty:id>
  </trn:currency>
  <trn:date-posted>
    <ts:date>2024-07-27 10:50:00 +0000</ts:date>
  </trn:date-posted>
  <trn:date-entered>
    <ts:date>2024-09-15 15:53:00 +0000</ts:date>
  </trn:date-entered>
  <trn:description>Anfangsbestand</trn:description>
  <trn:slots>
    <slot>
      <slot:key>date-posted</slot:key>
      <slot:value type="gdate">
        <gdate>2024-07-27</gdate>
      </slot:value>
    </slot>
  </trn:slots>
  <trn:splits>
    <trn:split>
      <split:id type="guid">25f27d686d984c22af97707e7447fe74</split:id>
      <split:reconciled-state>n</split:reconciled-state>
      <split:value>4322/100</split:value>
      <split:quantity>4322/100</split:quantity>
      <split:account type="guid">41277414c18a45f393ca47fe54c9fc1f</split:account>
</trn:split>
<trn:split>
      <split:id type="guid">4ad4a34ee8c3468d83cb88bbf83620f2</split:id>
      <split:reconciled-state>n</split:reconciled-state>
      <split:value>-4322/100</split:value>
      <split:quantity>-4322/100</split:quantity>
      <split:account type="guid">a407a639325647358d22326700816fc6</split:account>
</trn:split>
</trn:splits>
</gnc:transaction>
<gnc:transaction version="2.0.0">
  <trn:id type="guid">5adc062e5817439bafa24b44b993afa2</trn:id>
  <trn:currency>
    <cmdty:space>CURRENCY</cmdty:space>
    <cmdty:id>EUR</cmdty:id>
  </trn:currency>
  <trn:date-posted>
    <ts:date>2024-07-27 10:50:00 +0000</ts:date>
  </trn:date-posted>
  <trn:date-entered>
    <ts:date>2024-09-15 15:53:00 +0000</ts:date>
  </trn:date-entered>
  <trn:description>Anfangsbestand</trn:description>
  <trn:slots>
    <slot>
      <slot:key>date-posted</slot:key>
      <slot:value type="gdate">
        <gdate>2024-07-27</gdate>
      </slot:value>
    </slot>
  </trn:slots>
  <trn:splits>
    <trn:split>
      <split:id type="guid">ef36e66cc53f46739703897500b55a7c</split:id>
      <split:reconciled-state>n</split:reconciled-state>
      <split:value>-3205/100</split:value>
      <split:quantity>-3205/100</split:quantity>
      <split:account type="guid">fc3eb4f00b25443aa69bfa3de69aada8</split:account>
</trn:split>
<trn:split>
      <split:id type="guid">cd64764b2dd6400ebf40c18cbf2559bc</split:id>
      <split:reconciled-state>n</split:reconciled-state>
      <split:value>3205/100</split:value>
      <split:quantity>3205/100</split:quantity>
      <split:account type="guid">a407a639325647358d22326700816fc6</split:account>
</trn:split>
</trn:splits>
</gnc:transaction>
<gnc:transaction version="2.0.0">
  <trn:id type="guid">671b3e76ab074e67815caef2688134e6</trn:id>
  <trn:currency>
    <cmdty:space>CURRENCY</cmdty:space>
    <cmdty:id>EUR</cmdty:id>
  </trn:currency>
  <trn:date-posted>
    <ts:date>2024-07-27 10:50:00 +0000</ts:date>
  </trn:date-posted>
  <trn:date-entered>
    <ts:date>2024-09-15 15:53:00 +0000</ts:date>
  </trn:date-entered>
  <trn:description>Anfangsbestand</trn:description>
  <trn:slots>
    <slot>
      <slot:key>date-posted</slot:key>
      <slot:value type="gdate">
        <gdate>2024-07-27</gdate>
      </slot:value>
    </slot>
  </trn:slots>
  <trn:splits>
    <trn:split>
      <split:id type="guid">5d299bed1d774fc5afbb3f7229720527</split:id>
      <split:reconciled-state>n</split:reconciled-state>
      <split:value>-818/100</split:value>
      <split:quantity>-818/100</split:quantity>
      <split:account type="guid">f663bbf3727948d88936b6cd3eb7543f</split:account>
</trn:split>
<trn:split>
      <split:id type="guid">1313b045cb1b4be28ca755c20c975195</split:id>
      <split:reconciled-state>n</split:reconciled-state>
      <split:value>818/100</split:value>
      <split:quantity>818/100</split:quantity>
      <split:account type="guid">a407a639325647358d22326700816fc6</split:account>
</trn:split>
</trn:splits>
</gnc:transaction>
<gnc:transaction version="2.0.0">
  <trn:id type="guid">f6b5ae02e96a4c1194c030d0ecd81624</trn:id>
  <trn:currency>
    <cmdty:space>CURRENCY</cmdty:space>
    <cmdty:id>EUR</cmdty:id>
  </trn:currency>
  <trn:date-posted>
    <ts:date>2024-07-27 10:50:00 +0000</ts:date>
  </trn:date-posted>
  <trn:date-entered>
    <ts:date>2024-09-15 15:53:00 +0000</ts:date>
  </trn:date-entered>
  <trn:description>Anfangsbestand</trn:description>
  <trn:slots>
    <slot>
      <slot:key>date-posted</slot:key>
      <slot:value type="gdate">
        <gdate>2024-07-27</gdate>
      </slot:value>
    </slot>
  </trn:slots>
  <trn:splits>
    <trn:split>
      <split:id type="guid">51fcd03860d848e8bc7352c5be6fd92e</split:id>
      <split:reconciled-state>n</split:reconciled-state>
      <split:value>-1085/100</split:value>
      <split:quantity>-1085/100</split:quantity>
      <split:account type="guid">6b7a2b496fe84d0686e742d4af2b3454</split:account>
</trn:split>
<trn:split>
      <split:id type="guid">a6d133a274e44041ae7b57c10f4d38e7</split:id>
      <split:reconciled-state>n</split:reconciled-state>
      <split:value>1085/100</split:value>
      <split:quantity>1085/100</split:quantity>
      <split:account type="guid">a407a639325647358d22326700816fc6</split:account>
</trn:split>
</trn:splits>
</gnc:transaction>
<gnc:transaction version="2.0.0">
  <trn:id type="guid">cde5f4fad3e54824bf3359f37061850a</trn:id>
  <trn:currency>
    <cmdty:space>CURRENCY</cmdty:space>
    <cmdty:id>EUR</cmdty:id>
  </trn:currency>
  <trn:date-posted>
    <ts:date>2024-07-27 10:50:00 +0000</ts:date>
  </trn:date-posted>
  <trn:date-entered>
    <ts:date>2024-09-15 15:53:00 +0000</ts:date>
  </trn:date-entered>
  <trn:description>Anfangsbestand</trn:description>
  <trn:slots>
    <slot>
      <slot:key>date-posted</slot:key>
      <slot:value type="gdate">
        <gdate>2024-07-27</gdate>
      </slot:value>
    </slot>
  </trn:slots>
  <trn:splits>
    <trn:split>
      <split:id type="guid">d2afdf98a4424cc59fe3aebbb54d32a5</split:id>
      <split:reconciled-state>n</split:reconciled-state>
      <split:value>-157/100</split:value>
      <split:quantity>-157/100</split:quantity>
      <split:account type="guid">511609240aaa440798e6004b93f67c4a</split:account>
</trn:split>
<trn:split>
      <split:id type="guid">b704784c762e4fbfba2bae2ea46a5b6f</split:id>
      <split:reconciled-state>n</split:reconciled-state>
      <split:value>157/100</split:value>
      <split:quantity>157/100</split:quantity>
      <split:account type="guid">a407a639325647358d22326700816fc6</split:account>
</trn:split>
</trn:splits>
</gnc:transaction>
<gnc:transaction version="2.0.0">
  <trn:id type="guid">136754fb3d1f41f398612d11a7beb388</trn:id>
  <trn:currency>
    <cmdty:space>CURRENCY</cmdty:space>
    <cmdty:id>EUR</cmdty:id>
  </trn:currency>
  <trn:date-posted>
    <ts:date>2024-07-27 10:50:00 +0000</ts:date>
  </trn:date-posted>
  <trn:date-entered>
    <ts:date>2024-09-15 15:53:00 +0000</ts:date>
  </trn:date-entered>
  <trn:description>Anfangsbestand</trn:description>
  <trn:slots>
    <slot>
      <slot:key>date-posted</slot:key>
      <slot:value type="gdate">
        <gdate>2024-07-27</gdate>
      </slot:value>
    </slot>
  </trn:slots>
  <trn:splits>
    <trn:split>
      <split:id type="guid">5b79620d05cc42088fb0597c48ac8804</split:id>
      <split:reconciled-state>n</split:reconciled-state>
      <split:value>-4585/100</split:value>
      <split:quantity>-4585/100</split:quantity>
      <split:account type="guid">2b2b588151e94ac7ac551ab5ec933167</split:account>
</trn:split>
<trn:split>
      <split:id type="guid">7e4789c29e4c43e0b03a53f955583b9d</split:id>
      <split:reconciled-state>n</split:reconciled-state>
      <split:value>4585/100</split:value>
      <split:quantity>4585/100</split:quantity>
      <split:account type="guid">a407a639325647358d22326700816fc6</split:account>
</trn:split>
</trn:splits>
</gnc:transaction>
<gnc:transaction version="2.0.0">
  <trn:id type="guid">80f5fe27215046ec94d33c94de2d9203</trn:id>
  <trn:currency>
    <cmdty:space>CURRENCY</cmdty:space>
    <cmdty:id>EUR</cmdty:id>
  </trn:currency>
  <trn:date-posted>
    <ts:date>2024-07-27 10:50:00 +0000</ts:date>
  </trn:date-posted>
  <trn:date-entered>
    <ts:date>2024-09-15 15:53:00 +0000</ts:date>
  </trn:date-entered>
  <trn:description>Anfangsbestand</trn:description>
  <trn:slots>
    <slot>
      <slot:key>date-posted</slot:key>
      <slot:value type="gdate">
        <gdate>2024-07-27</gdate>
      </slot:value>
    </slot>
  </trn:slots>
  <trn:splits>
    <trn:split>
      <split:id type="guid">3de8d4f7966346e59eda8a779f0f9a84</split:id>
      <split:reconciled-state>n</split:reconciled-state>
      <split:value>-75/100</split:value>
      <split:quantity>-75/100</split:quantity>
      <split:account type="guid">273caa7febb44b319e793f9550360f7f</split:account>
</trn:split>
<trn:split>
      <split:id type="guid">b379913a63fb4f8892042f4f9d33d4da</split:id>
      <split:reconciled-state>n</split:reconciled-state>
      <split:value>75/100</split:value>
      <split:quantity>75/100</split:quantity>
      <split:account type="guid">a407a639325647358d22326700816fc6</split:account>
</trn:split>
</trn:splits>
</gnc:transaction>
<gnc:transaction version="2.0.0">
  <trn:id type="guid">c8933bd3af8c45e280fce864f87f438b</trn:id>
  <trn:currency>
    <cmdty:space>CURRENCY</cmdty:space>
    <cmdty:id>EUR</cmdty:id>
  </trn:currency>
  <trn:date-posted>
    <ts:date>2024-07-27 10:50:00 +0000</ts:date>
  </trn:date-posted>
  <trn:date-entered>
    <ts:date>2024-09-15 15:53:00 +0000</ts:date>
  </trn:date-entered>
  <trn:description>Anfangsbestand</trn:description>
  <trn:slots>
    <slot>
      <slot:key>date-posted</slot:key>
      <slot:value type="gdate">
        <gdate>2024-07-27</gdate>
      </slot:value>
    </slot>
  </trn:slots>
  <trn:splits>
    <trn:split>
      <split:id type="guid">51672cc9321b45dc839937e83e5b03cc</split:id>
      <split:reconciled-state>n</split:reconciled-state>
      <split:value>-550/100</split:value>
      <split:quantity>-550/100</split:quantity>
      <split:account type="guid">de1feae029014d639cef63ceee853e2c</split:account>
</trn:split>
<trn:split>
      <split:id type="guid">040456464111447fb1ee31060185d78b</split:id>
      <split:reconciled-state>n</split:reconciled-state>
      <split:value>550/100</split:value>
      <split:quantity>550/100</split:quantity>
      <split:account type="guid">a407a639325647358d22326700816fc6</split:account>
</trn:split>
</trn:splits>
</gnc:transaction>
<gnc:transaction version="2.0.0">
  <trn:id type="guid">f378dea608b5415da4009f767268b3da</trn:id>
  <trn:currency>
    <cmdty:space>CURRENCY</cmdty:space>
    <cmdty:id>EUR</cmdty:id>
  </trn:currency>
  <trn:date-posted>
    <ts:date>2024-07-27 10:50:00 +0000</ts:date>
  </trn:date-posted>
  <trn:date-entered>
    <ts:date>2024-09-15 15:53:00 +0000</ts:date>
  </trn:date-entered>
  <trn:description>Anfangsbestand</trn:description>
  <trn:slots>
    <slot>
      <slot:key>date-posted</slot:key>
      <slot:value type="gdate">
        <gdate>2024-07-27</gdate>
      </slot:value>
    </slot>
  </trn:slots>
  <trn:splits>
    <trn:split>
      <split:id type="guid">6ceceac2f146445fa4b027f63c89219c</split:id>
      <split:reconciled-state>n</split:reconciled-state>
      <split:value>-1425/100</split:value>
      <split:quantity>-1425/100</split:quantity>
      <split:account type="guid">378e721384e84b22b285f3e849b2c553</split:account>
</trn:split>
<trn:split>
      <split:id type="guid">b5f3458225194dba82c82b042a25e9c1</split:id>
      <split:reconciled-state>n</split:reconciled-state>
      <split:value>1425/100</split:value>
      <split:quantity>1425/100</split:quantity>
      <split:account type="guid">a407a639325647358d22326700816fc6</split:account>
</trn:split>
</trn:splits>
</gnc:transaction>
<gnc:transaction version="2.0.0">
  <trn:id type="guid">6b454863fdbd4d5c8024f9059c5b45b5</trn:id>
  <trn:currency>
    <cmdty:space>CURRENCY</cmdty:space>
    <cmdty:id>EUR</cmdty:id>
  </trn:currency>
  <trn:date-posted>
    <ts:date>2024-07-27 10:50:00 +0000</ts:date>
  </trn:date-posted>
  <trn:date-entered>
    <ts:date>2024-09-15 15:53:00 +0000</ts:date>
  </trn:date-entered>
  <trn:description>Anfangsbestand</trn:description>
  <trn:slots>
    <slot>
      <slot:key>date-posted</slot:key>
      <slot:value type="gdate">
        <gdate>2024-07-27</gdate>
      </slot:value>
    </slot>
  </trn:slots>
  <trn:splits>
    <trn:split>
      <split:id type="guid">f7f45a9e4fde49e4a268ef40c0bde804</split:id>
      <split:reconciled-state>n</split:reconciled-state>
      <split:value>-2900/100</split:value>
      <split:quantity>-2900/100</split:quantity>
      <split:account type="guid">3b2e71d57f6941e29b780725b0b4ff53</split:account>
</trn:split>
<trn:split>
      <split:id type="guid">fbfe580a747a4b6384bd388932ddd514</split:id>
      <split:reconciled-state>n</split:reconciled-state>
      <split:value>2900/100</split:value>
      <split:quantity>2900/100</split:quantity>
      <split:account type="guid">a407a639325647358d22326700816fc6</split:account>
</trn:split>
</trn:splits>
</gnc:transaction>
<gnc:transaction version="2.0.0">
  <trn:id type="guid">2059bfaa104449ada69f84eec35ba3b0</trn:id>
  <trn:currency>
    <cmdty:space>CURRENCY</cmdty:space>
    <cmdty:id>EUR</cmdty:id>
  </trn:currency>
  <trn:date-posted>
    <ts:date>2024-07-27 10:50:00 +0000</ts:date>
  </trn:date-posted>
  <trn:date-entered>
    <ts:date>2024-09-15 15:53:00 +0000</ts:date>
  </trn:date-entered>
  <trn:description>Anfangsbestand</trn:description>
  <trn:slots>
    <slot>
      <slot:key>date-posted</slot:key>
      <slot:value type="gdate">
        <gdate>2024-07-27</gdate>
      </slot:value>
    </slot>
  </trn:slots>
  <trn:splits>
    <trn:split>
      <split:id type="guid">923e3483f88d45f682f129651a7642b4</split:id>
      <split:reconciled-state>n</split:reconciled-state>
      <split:value>-1395/100</split:value>
      <split:quantity>-1395/100</split:quantity>
      <split:account type="guid">0462e7e21c7848e493cffe680de58974</split:account>
</trn:split>
<trn:split>
      <split:id type="guid">3f337a220db345db94cbff683291a21d</split:id>
      <split:reconciled-state>n</split:reconciled-state>
      <split:value>1395/100</split:value>
      <split:quantity>1395/100</split:quantity>
      <split:account type="guid">a407a639325647358d22326700816fc6</split:account>
</trn:split>
</trn:splits>
</gnc:transaction>
<gnc:transaction version="2.0.0">
  <trn:id type="guid">421baa9e54c04f74861c3d9827ada67b</trn:id>
  <trn:currency>
    <cmdty:space>CURRENCY</cmdty:space>
    <cmdty:id>EUR</cmdty:id>
  </trn:currency>
  <trn:date-posted>
    <ts:date>2024-07-27 10:50:00 +0000</ts:date>
  </trn:date-posted>
  <trn:date-entered>
    <ts:date>2024-09-15 15:53:00 +0000</ts:date>
  </trn:date-entered>
  <trn:description>Anfangsbestand</trn:description>
  <trn:slots>
    <slot>
      <slot:key>date-posted</slot:key>
      <slot:value type="gdate">
        <gdate>2024-07-27</gdate>
      </slot:value>
    </slot>
  </trn:slots>
  <trn:splits>
    <trn:split>
      <split:id type="guid">8efe26546ccd4552890263aadf091352</split:id>
      <split:reconciled-state>n</split:reconciled-state>
      <split:value>-7356/100</split:value>
      <split:quantity>-7356/100</split:quantity>
      <split:account type="guid">e91f0f84c5044e029d75c31cebf51901</split:account>
</trn:split>
<trn:split>
      <split:id type="guid">a4a0fac26bb947dfbff2d0540f9092d7</split:id>
      <split:reconciled-state>n</split:reconciled-state>
      <split:value>7356/100</split:value>
      <split:quantity>7356/100</split:quantity>
      <split:account type="guid">a407a639325647358d22326700816fc6</split:account>
</trn:split>
</trn:splits>
</gnc:transaction>
<gnc:transaction version="2.0.0">
  <trn:id type="guid">795d1dfb37364fe39057ecc71c418eb0</trn:id>
  <trn:currency>
    <cmdty:space>CURRENCY</cmdty:space>
    <cmdty:id>EUR</cmdty:id>
  </trn:currency>
  <trn:date-posted>
    <ts:date>2024-07-27 10:50:00 +0000</ts:date>
  </trn:date-posted>
  <trn:date-entered>
    <ts:date>2024-09-15 15:53:00 +0000</ts:date>
  </trn:date-entered>
  <trn:description>Anfangsbestand</trn:description>
  <trn:slots>
    <slot>
      <slot:key>date-posted</slot:key>
      <slot:value type="gdate">
        <gdate>2024-07-27</gdate>
      </slot:value>
    </slot>
  </trn:slots>
  <trn:splits>
    <trn:split>
      <split:id type="guid">11ec19b315964312a79fb8a27470293c</split:id>
      <split:reconciled-state>n</split:reconciled-state>
      <split:value>-10207/100</split:value>
      <split:quantity>-10207/100</split:quantity>
      <split:account type="guid">e84ea95305974c68bf8dc037537aaf0d</split:account>
</trn:split>
<trn:split>
      <split:id type="guid">ca1c89e049f14f68a8f4081c73679996</split:id>
      <split:reconciled-state>n</split:reconciled-state>
      <split:value>10207/100</split:value>
      <split:quantity>10207/100</split:quantity>
      <split:account type="guid">a407a639325647358d22326700816fc6</split:account>
</trn:split>
</trn:splits>
</gnc:transaction>
<gnc:transaction version="2.0.0">
  <trn:id type="guid">67b527aa314d4a72a46ed15d46a47341</trn:id>
  <trn:currency>
    <cmdty:space>CURRENCY</cmdty:space>
    <cmdty:id>EUR</cmdty:id>
  </trn:currency>
  <trn:date-posted>
    <ts:date>2024-07-27 10:50:00 +0000</ts:date>
  </trn:date-posted>
  <trn:date-entered>
    <ts:date>2024-09-15 15:53:00 +0000</ts:date>
  </trn:date-entered>
  <trn:description>Anfangsbestand</trn:description>
  <trn:slots>
    <slot>
      <slot:key>date-posted</slot:key>
      <slot:value type="gdate">
        <gdate>2024-07-27</gdate>
      </slot:value>
    </slot>
  </trn:slots>
  <trn:splits>
    <trn:split>
      <split:id type="guid">bfab8fcca3dc4abda92c72bb65084d9b</split:id>
      <split:reconciled-state>n</split:reconciled-state>
      <split:value>-1595/100</split:value>
      <split:quantity>-1595/100</split:quantity>
      <split:account type="guid">56187fd00bd04408bcce1bbef28c33c2</split:account>
</trn:split>
<trn:split>
      <split:id type="guid">0cbe25a3161d4458ae4750c051edbfbf</split:id>
      <split:reconciled-state>n</split:reconciled-state>
      <split:value>1595/100</split:value>
      <split:quantity>1595/100</split:quantity>
      <split:account type="guid">a407a639325647358d22326700816fc6</split:account>
</trn:split>
</trn:splits>
</gnc:transaction>
<gnc:transaction version="2.0.0">
  <trn:id type="guid">5c40dd9d6f304e6da23cdf0c895acf83</trn:id>
  <trn:currency>
    <cmdty:space>CURRENCY</cmdty:space>
    <cmdty:id>EUR</cmdty:id>
  </trn:currency>
  <trn:date-posted>
    <ts:date>2024-07-27 10:50:00 +0000</ts:date>
  </trn:date-posted>
  <trn:date-entered>
    <ts:date>2024-09-15 15:53:00 +0000</ts:date>
  </trn:date-entered>
  <trn:description>Anfangsbestand</trn:description>
  <trn:slots>
    <slot>
      <slot:key>date-posted</slot:key>
      <slot:value type="gdate">
        <gdate>2024-07-27</gdate>
      </slot:value>
    </slot>
  </trn:slots>
  <trn:splits>
    <trn:split>
      <split:id type="guid">e9445c9320bd4a87b1ba3534728f4d9c</split:id>
      <split:reconciled-state>n</split:reconciled-state>
      <split:value>-967/100</split:value>
      <split:quantity>-967/100</split:quantity>
      <split:account type="guid">aa2be474ab2b4fc7bfa5cd4ffd79c0ba</split:account>
</trn:split>
<trn:split>
      <split:id type="guid">0128eac735f54972afef0d16b3b3ba86</split:id>
      <split:reconciled-state>n</split:reconciled-state>
      <split:value>967/100</split:value>
      <split:quantity>967/100</split:quantity>
      <split:account type="guid">a407a639325647358d22326700816fc6</split:account>
</trn:split>
</trn:splits>
</gnc:transaction>
<gnc:transaction version="2.0.0">
  <trn:id type="guid">0bb1edbdbe7a48399ca67825af20c920</trn:id>
  <trn:currency>
    <cmdty:space>CURRENCY</cmdty:space>
    <cmdty:id>EUR</cmdty:id>
  </trn:currency>
  <trn:date-posted>
    <ts:date>2024-07-27 10:50:00 +0000</ts:date>
  </trn:date-posted>
  <trn:date-entered>
    <ts:date>2024-09-15 15:53:00 +0000</ts:date>
  </trn:date-entered>
  <trn:description>Anfangsbestand</trn:description>
  <trn:slots>
    <slot>
      <slot:key>date-posted</slot:key>
      <slot:value type="gdate">
        <gdate>2024-07-27</gdate>
      </slot:value>
    </slot>
  </trn:slots>
  <trn:splits>
    <trn:split>
      <split:id type="guid">88b9a9cb293a4bcaa16a9488b8cf02a3</split:id>
      <split:reconciled-state>n</split:reconciled-state>
      <split:value>-643/100</split:value>
      <split:quantity>-643/100</split:quantity>
      <split:account type="guid">dd4557d7d3c34e3d93f5eba804b91b45</split:account>
</trn:split>
<trn:split>
      <split:id type="guid">830dd60167924d968032c10128efc6ec</split:id>
      <split:reconciled-state>n</split:reconciled-state>
      <split:value>643/100</split:value>
      <split:quantity>643/100</split:quantity>
      <split:account type="guid">a407a639325647358d22326700816fc6</split:account>
</trn:split>
</trn:splits>
</gnc:transaction>
<gnc:transaction version="2.0.0">
  <trn:id type="guid">48912a700947450eab65c63ddae03d7b</trn:id>
  <trn:currency>
    <cmdty:space>CURRENCY</cmdty:space>
    <cmdty:id>EUR</cmdty:id>
  </trn:currency>
  <trn:date-posted>
    <ts:date>2024-07-27 10:50:00 +0000</ts:date>
  </trn:date-posted>
  <trn:date-entered>
    <ts:date>2024-09-15 15:53:00 +0000</ts:date>
  </trn:date-entered>
  <trn:description>Anfangsbestand</trn:description>
  <trn:slots>
    <slot>
      <slot:key>date-posted</slot:key>
      <slot:value type="gdate">
        <gdate>2024-07-27</gdate>
      </slot:value>
    </slot>
  </trn:slots>
  <trn:splits>
    <trn:split>
      <split:id type="guid">32e01401d1384a5d8e6605419f51d188</split:id>
      <split:reconciled-state>n</split:reconciled-state>
      <split:value>-3695/100</split:value>
      <split:quantity>-3695/100</split:quantity>
      <split:account type="guid">1db15d6fb5324bc2a46309108c67d76c</split:account>
</trn:split>
<trn:split>
      <split:id type="guid">f6026714f06d4cd6a1bef39aab86951c</split:id>
      <split:reconciled-state>n</split:reconciled-state>
      <split:value>3695/100</split:value>
      <split:quantity>3695/100</split:quantity>
      <split:account type="guid">a407a639325647358d22326700816fc6</split:account>
</trn:split>
</trn:splits>
</gnc:transaction>
<gnc:transaction version="2.0.0">
  <trn:id type="guid">7212ee36aa0a4f839e5d2cd3ec71d203</trn:id>
  <trn:currency>
    <cmdty:space>CURRENCY</cmdty:space>
    <cmdty:id>EUR</cmdty:id>
  </trn:currency>
  <trn:date-posted>
    <ts:date>2024-07-27 10:50:00 +0000</ts:date>
  </trn:date-posted>
  <trn:date-entered>
    <ts:date>2024-09-15 15:53:00 +0000</ts:date>
  </trn:date-entered>
  <trn:description>Anfangsbestand</trn:description>
  <trn:slots>
    <slot>
      <slot:key>date-posted</slot:key>
      <slot:value type="gdate">
        <gdate>2024-07-27</gdate>
      </slot:value>
    </slot>
  </trn:slots>
  <trn:splits>
    <trn:split>
      <split:id type="guid">f7c8091fcaf74da1a91c70bb5281200c</split:id>
      <split:reconciled-state>n</split:reconciled-state>
      <split:value>1864/100</split:value>
      <split:quantity>1864/100</split:quantity>
      <split:account type="guid">4b53058caa4c4224a417fbf76e6c119b</split:account>
</trn:split>
<trn:split>
      <split:id type="guid">77937946934d488398d362fdb6fa471b</split:id>
      <split:reconciled-state>n</split:reconciled-state>
      <split:value>-1864/100</split:value>
      <split:quantity>-1864/100</split:quantity>
      <split:account type="guid">a407a639325647358d22326700816fc6</split:account>
</trn:split>
</trn:splits>
</gnc:transaction>
<gnc:transaction version="2.0.0">
  <trn:id type="guid">b649325a99c0421381f0f70092593886</trn:id>
  <trn:currency>
    <cmdty:space>CURRENCY</cmdty:space>
    <cmdty:id>EUR</cmdty:id>
  </trn:currency>
  <trn:date-posted>
    <ts:date>2024-07-27 10:50:00 +0000</ts:date>
  </trn:date-posted>
  <trn:date-entered>
    <ts:date>2024-09-15 15:53:00 +0000</ts:date>
  </trn:date-entered>
  <trn:description>Anfangsbestand</trn:description>
  <trn:slots>
    <slot>
      <slot:key>date-posted</slot:key>
      <slot:value type="gdate">
        <gdate>2024-07-27</gdate>
      </slot:value>
    </slot>
  </trn:slots>
  <trn:splits>
    <trn:split>
      <split:id type="guid">f3f13263faae4339b0a9dbb32653f36b</split:id>
      <split:reconciled-state>n</split:reconciled-state>
      <split:value>15683/100</split:value>
      <split:quantity>15683/100</split:quantity>
      <split:account type="guid">77b4ede8a2fd4be3bfe87125cdd9a20c</split:account>
</trn:split>
<trn:split>
      <split:id type="guid">30589dbd80f24c4e9887d6f6268960d5</split:id>
      <split:reconciled-state>n</split:reconciled-state>
      <split:value>-15683/100</split:value>
      <split:quantity>-15683/100</split:quantity>
      <split:account type="guid">a407a639325647358d22326700816fc6</split:account>
</trn:split>
</trn:splits>
</gnc:transaction>
<gnc:transaction version="2.0.0">
  <trn:id type="guid">313173ce08c4406c8522e029fe972698</trn:id>
  <trn:currency>
    <cmdty:space>CURRENCY</cmdty:space>
    <cmdty:id>EUR</cmdty:id>
  </trn:currency>
  <trn:date-posted>
    <ts:date>2024-07-27 10:50:00 +0000</ts:date>
  </trn:date-posted>
  <trn:date-entered>
    <ts:date>2024-09-15 15:53:00 +0000</ts:date>
  </trn:date-entered>
  <trn:description>Anfangsbestand</trn:description>
  <trn:slots>
    <slot>
      <slot:key>date-posted</slot:key>
      <slot:value type="gdate">
        <gdate>2024-07-27</gdate>
      </slot:value>
    </slot>
  </trn:slots>
  <trn:splits>
    <trn:split>
      <split:id type="guid">02e547b07c854186902b4380956a2f68</split:id>
      <split:reconciled-state>n</split:reconciled-state>
      <split:value>-16207/100</split:value>
      <split:quantity>-16207/100</split:quantity>
      <split:account type="guid">4e930328c0f54ad98b6980dafb2f1d55</split:account>
</trn:split>
<trn:split>
      <split:id type="guid">d7e088958e214970bf455e4695326bdb</split:id>
      <split:reconciled-state>n</split:reconciled-state>
      <split:value>16207/100</split:value>
      <split:quantity>16207/100</split:quantity>
      <split:account type="guid">a407a639325647358d22326700816fc6</split:account>
</trn:split>
</trn:splits>
</gnc:transaction>
<gnc:transaction version="2.0.0">
  <trn:id type="guid">33f67ea70c7f474e9b2ea7d6e2b81df6</trn:id>
  <trn:currency>
    <cmdty:space>CURRENCY</cmdty:space>
    <cmdty:id>EUR</cmdty:id>
  </trn:currency>
  <trn:date-posted>
    <ts:date>2024-07-27 10:50:00 +0000</ts:date>
  </trn:date-posted>
  <trn:date-entered>
    <ts:date>2024-09-15 15:53:00 +0000</ts:date>
  </trn:date-entered>
  <trn:description>Anfangsbestand</trn:description>
  <trn:slots>
    <slot>
      <slot:key>date-posted</slot:key>
      <slot:value type="gdate">
        <gdate>2024-07-27</gdate>
      </slot:value>
    </slot>
  </trn:slots>
  <trn:splits>
    <trn:split>
      <split:id type="guid">8f8746c8cf9e4b87ad9f577bea2b4a3c</split:id>
      <split:reconciled-state>n</split:reconciled-state>
      <split:value>-600/100</split:value>
      <split:quantity>-600/100</split:quantity>
      <split:account type="guid">e0261b8ba8bc4b87a0228188956db837</split:account>
</trn:split>
<trn:split>
      <split:id type="guid">73bbc0734f2947f2a331183aa8af6a2a</split:id>
      <split:reconciled-state>n</split:reconciled-state>
      <split:value>600/100</split:value>
      <split:quantity>600/100</split:quantity>
      <split:account type="guid">a407a639325647358d22326700816fc6</split:account>
</trn:split>
</trn:splits>
</gnc:transaction>
<gnc:transaction version="2.0.0">
  <trn:id type="guid">4aaad00a0db242ef8195f87fee1b7b7a</trn:id>
  <trn:currency>
    <cmdty:space>CURRENCY</cmdty:space>
    <cmdty:id>EUR</cmdty:id>
  </trn:currency>
  <trn:date-posted>
    <ts:date>2024-07-27 10:50:00 +0000</ts:date>
  </trn:date-posted>
  <trn:date-entered>
    <ts:date>2024-09-15 15:53:00 +0000</ts:date>
  </trn:date-entered>
  <trn:description>Anfangsbestand</trn:description>
  <trn:slots>
    <slot>
      <slot:key>date-posted</slot:key>
      <slot:value type="gdate">
        <gdate>2024-07-27</gdate>
      </slot:value>
    </slot>
  </trn:slots>
  <trn:splits>
    <trn:split>
      <split:id type="guid">19b47683901a4662872ed483e1caf762</split:id>
      <split:reconciled-state>n</split:reconciled-state>
      <split:value>-4920/100</split:value>
      <split:quantity>-4920/100</split:quantity>
      <split:account type="guid">817963a6cdf8435e810f1ff1b0109b54</split:account>
</trn:split>
<trn:split>
      <split:id type="guid">af68b70d82924598a3114f0f92542459</split:id>
      <split:reconciled-state>n</split:reconciled-state>
      <split:value>4920/100</split:value>
      <split:quantity>4920/100</split:quantity>
      <split:account type="guid">a407a639325647358d22326700816fc6</split:account>
</trn:split>
</trn:splits>
</gnc:transaction>
<gnc:transaction version="2.0.0">
  <trn:id type="guid">f46e5b608293406f9cbc039697ae5942</trn:id>
  <trn:currency>
    <cmdty:space>CURRENCY</cmdty:space>
    <cmdty:id>EUR</cmdty:id>
  </trn:currency>
  <trn:date-posted>
    <ts:date>2024-07-27 10:50:00 +0000</ts:date>
  </trn:date-posted>
  <trn:date-entered>
    <ts:date>2024-09-15 15:53:00 +0000</ts:date>
  </trn:date-entered>
  <trn:description>Anfangsbestand</trn:description>
  <trn:slots>
    <slot>
      <slot:key>date-posted</slot:key>
      <slot:value type="gdate">
        <gdate>2024-07-27</gdate>
      </slot:value>
    </slot>
  </trn:slots>
  <trn:splits>
    <trn:split>
      <split:id type="guid">71c6856b36e947629459c4197ae4909d</split:id>
      <split:reconciled-state>n</split:reconciled-state>
      <split:value>-26232/100</split:value>
      <split:quantity>-26232/100</split:quantity>
      <split:account type="guid">3bd49ba70ccd4c0ca4fc4d57e22e3c09</split:account>
</trn:split>
<trn:split>
      <split:id type="guid">bbbf898f7bfb454a811629a2a0c7ad1e</split:id>
      <split:reconciled-state>n</split:reconciled-state>
      <split:value>26232/100</split:value>
      <split:quantity>26232/100</split:quantity>
      <split:account type="guid">a407a639325647358d22326700816fc6</split:account>
</trn:split>
</trn:splits>
</gnc:transaction>
<gnc:transaction version="2.0.0">
  <trn:id type="guid">72821f3a3eff45cf9e5afd9dad70352c</trn:id>
  <trn:currency>
    <cmdty:space>CURRENCY</cmdty:space>
    <cmdty:id>EUR</cmdty:id>
  </trn:currency>
  <trn:date-posted>
    <ts:date>2024-07-27 10:50:00 +0000</ts:date>
  </trn:date-posted>
  <trn:date-entered>
    <ts:date>2024-09-15 15:53:00 +0000</ts:date>
  </trn:date-entered>
  <trn:description>Anfangsbestand</trn:description>
  <trn:slots>
    <slot>
      <slot:key>date-posted</slot:key>
      <slot:value type="gdate">
        <gdate>2024-07-27</gdate>
      </slot:value>
    </slot>
  </trn:slots>
  <trn:splits>
    <trn:split>
      <split:id type="guid">ad932310866e450db232072e195b933f</split:id>
      <split:reconciled-state>n</split:reconciled-state>
      <split:value>-4666/100</split:value>
      <split:quantity>-4666/100</split:quantity>
      <split:account type="guid">e960836930bf472da1426af963df6f9a</split:account>
</trn:split>
<trn:split>
      <split:id type="guid">e940b7f7397e4ea49434ce0d57bf4998</split:id>
      <split:reconciled-state>n</split:reconciled-state>
      <split:value>4666/100</split:value>
      <split:quantity>4666/100</split:quantity>
      <split:account type="guid">a407a639325647358d22326700816fc6</split:account>
</trn:split>
</trn:splits>
</gnc:transaction>
<gnc:transaction version="2.0.0">
  <trn:id type="guid">fbbaf736e1344ee59e3329304f13a157</trn:id>
  <trn:currency>
    <cmdty:space>CURRENCY</cmdty:space>
    <cmdty:id>EUR</cmdty:id>
  </trn:currency>
  <trn:date-posted>
    <ts:date>2024-07-27 10:50:00 +0000</ts:date>
  </trn:date-posted>
  <trn:date-entered>
    <ts:date>2024-09-15 15:53:00 +0000</ts:date>
  </trn:date-entered>
  <trn:description>Anfangsbestand</trn:description>
  <trn:slots>
    <slot>
      <slot:key>date-posted</slot:key>
      <slot:value type="gdate">
        <gdate>2024-07-27</gdate>
      </slot:value>
    </slot>
  </trn:slots>
  <trn:splits>
    <trn:split>
      <split:id type="guid">73b68987697b49448bf68aec1053018c</split:id>
      <split:reconciled-state>n</split:reconciled-state>
      <split:value>-1520/100</split:value>
      <split:quantity>-1520/100</split:quantity>
      <split:account type="guid">905eaabd7bf043d7afafad961811f70a</split:account>
</trn:split>
<trn:split>
      <split:id type="guid">c9d35072c23749feaf832c7d9c345d4b</split:id>
      <split:reconciled-state>n</split:reconciled-state>
      <split:value>1520/100</split:value>
      <split:quantity>1520/100</split:quantity>
      <split:account type="guid">a407a639325647358d22326700816fc6</split:account>
</trn:split>
</trn:splits>
</gnc:transaction>
<gnc:transaction version="2.0.0">
  <trn:id type="guid">7819ce5235ff4ed5825f497bce31d2f7</trn:id>
  <trn:currency>
    <cmdty:space>CURRENCY</cmdty:space>
    <cmdty:id>EUR</cmdty:id>
  </trn:currency>
  <trn:date-posted>
    <ts:date>2024-07-27 10:50:00 +0000</ts:date>
  </trn:date-posted>
  <trn:date-entered>
    <ts:date>2024-09-15 15:53:00 +0000</ts:date>
  </trn:date-entered>
  <trn:description>Anfangsbestand</trn:description>
  <trn:slots>
    <slot>
      <slot:key>date-posted</slot:key>
      <slot:value type="gdate">
        <gdate>2024-07-27</gdate>
      </slot:value>
    </slot>
  </trn:slots>
  <trn:splits>
    <trn:split>
      <split:id type="guid">5f8f88ac8571419ea9ad85720300b038</split:id>
      <split:reconciled-state>n</split:reconciled-state>
      <split:value>-4202/100</split:value>
      <split:quantity>-4202/100</split:quantity>
      <split:account type="guid">3dff9056170142a2b201963bc78cb802</split:account>
</trn:split>
<trn:split>
      <split:id type="guid">51ab5035d3324bb9a4695848ee4291ad</split:id>
      <split:reconciled-state>n</split:reconciled-state>
      <split:value>4202/100</split:value>
      <split:quantity>4202/100</split:quantity>
      <split:account type="guid">a407a639325647358d22326700816fc6</split:account>
</trn:split>
</trn:splits>
</gnc:transaction>
<gnc:transaction version="2.0.0">
  <trn:id type="guid">54ff27298fc448daae3abece85668310</trn:id>
  <trn:currency>
    <cmdty:space>CURRENCY</cmdty:space>
    <cmdty:id>EUR</cmdty:id>
  </trn:currency>
  <trn:date-posted>
    <ts:date>2024-07-27 10:50:00 +0000</ts:date>
  </trn:date-posted>
  <trn:date-entered>
    <ts:date>2024-09-15 15:53:00 +0000</ts:date>
  </trn:date-entered>
  <trn:description>Anfangsbestand</trn:description>
  <trn:slots>
    <slot>
      <slot:key>date-posted</slot:key>
      <slot:value type="gdate">
        <gdate>2024-07-27</gdate>
      </slot:value>
    </slot>
  </trn:slots>
  <trn:splits>
    <trn:split>
      <split:id type="guid">caf2b8f553c74e3eb15b737b609696a7</split:id>
      <split:reconciled-state>n</split:reconciled-state>
      <split:value>-29812/100</split:value>
      <split:quantity>-29812/100</split:quantity>
      <split:account type="guid">fd2bf01fa47a487693b679af5c4f3a64</split:account>
</trn:split>
<trn:split>
      <split:id type="guid">22ef7d77109b4fd7914977135a758c7a</split:id>
      <split:reconciled-state>n</split:reconciled-state>
      <split:value>29812/100</split:value>
      <split:quantity>29812/100</split:quantity>
      <split:account type="guid">a407a639325647358d22326700816fc6</split:account>
</trn:split>
</trn:splits>
</gnc:transaction>
<gnc:transaction version="2.0.0">
  <trn:id type="guid">d9448af46c3a456fa61afea02ddbe478</trn:id>
  <trn:currency>
    <cmdty:space>CURRENCY</cmdty:space>
    <cmdty:id>EUR</cmdty:id>
  </trn:currency>
  <trn:date-posted>
    <ts:date>2024-07-27 10:50:00 +0000</ts:date>
  </trn:date-posted>
  <trn:date-entered>
    <ts:date>2024-09-15 15:53:00 +0000</ts:date>
  </trn:date-entered>
  <trn:description>Anfangsbestand</trn:description>
  <trn:slots>
    <slot>
      <slot:key>date-posted</slot:key>
      <slot:value type="gdate">
        <gdate>2024-07-27</gdate>
      </slot:value>
    </slot>
  </trn:slots>
  <trn:splits>
    <trn:split>
      <split:id type="guid">8d31a71b9a5041ae8ea7b7ac1caf810e</split:id>
      <split:reconciled-state>n</split:reconciled-state>
      <split:value>1695/100</split:value>
      <split:quantity>1695/100</split:quantity>
      <split:account type="guid">253cb66bf824490ba5868a75fd3f837a</split:account>
</trn:split>
<trn:split>
      <split:id type="guid">c9f7ee4607674510bd1228d255f02000</split:id>
      <split:reconciled-state>n</split:reconciled-state>
      <split:value>-1695/100</split:value>
      <split:quantity>-1695/100</split:quantity>
      <split:account type="guid">a407a639325647358d22326700816fc6</split:account>
</trn:split>
</trn:splits>
</gnc:transaction>
<gnc:transaction version="2.0.0">
  <trn:id type="guid">7eed50161c8d4e89a11f6299e085d07b</trn:id>
  <trn:currency>
    <cmdty:space>CURRENCY</cmdty:space>
    <cmdty:id>EUR</cmdty:id>
  </trn:currency>
  <trn:date-posted>
    <ts:date>2024-07-27 10:50:00 +0000</ts:date>
  </trn:date-posted>
  <trn:date-entered>
    <ts:date>2024-09-15 15:53:00 +0000</ts:date>
  </trn:date-entered>
  <trn:description>Anfangsbestand</trn:description>
  <trn:slots>
    <slot>
      <slot:key>date-posted</slot:key>
      <slot:value type="gdate">
        <gdate>2024-07-27</gdate>
      </slot:value>
    </slot>
  </trn:slots>
  <trn:splits>
    <trn:split>
      <split:id type="guid">5588ff079a464dd38bd7bca24308dfe3</split:id>
      <split:reconciled-state>n</split:reconciled-state>
      <split:value>178/100</split:value>
      <split:quantity>178/100</split:quantity>
      <split:account type="guid">3e2195fc71364ce59ba4e4af6ef1ef2c</split:account>
</trn:split>
<trn:split>
      <split:id type="guid">3ccfd79ff45c4e37b8600f7cbbb5e766</split:id>
      <split:reconciled-state>n</split:reconciled-state>
      <split:value>-178/100</split:value>
      <split:quantity>-178/100</split:quantity>
      <split:account type="guid">a407a639325647358d22326700816fc6</split:account>
</trn:split>
</trn:splits>
</gnc:transaction>
<gnc:transaction version="2.0.0">
  <trn:id type="guid">32edb2fd2e0f4eeab7fc566fb6fa179d</trn:id>
  <trn:currency>
    <cmdty:space>CURRENCY</cmdty:space>
    <cmdty:id>EUR</cmdty:id>
  </trn:currency>
  <trn:date-posted>
    <ts:date>2024-07-27 10:50:00 +0000</ts:date>
  </trn:date-posted>
  <trn:date-entered>
    <ts:date>2024-09-15 15:53:00 +0000</ts:date>
  </trn:date-entered>
  <trn:description>Anfangsbestand</trn:description>
  <trn:slots>
    <slot>
      <slot:key>date-posted</slot:key>
      <slot:value type="gdate">
        <gdate>2024-07-27</gdate>
      </slot:value>
    </slot>
  </trn:slots>
  <trn:splits>
    <trn:split>
      <split:id type="guid">b58e7a6c2bd5455da96bd5fd80e97332</split:id>
      <split:reconciled-state>n</split:reconciled-state>
      <split:value>-4890/100</split:value>
      <split:quantity>-4890/100</split:quantity>
      <split:account type="guid">d0f93a24691c44919bb2f375fb854151</split:account>
</trn:split>
<trn:split>
      <split:id type="guid">d669326ef3f64c95bdfe7b301c82f01d</split:id>
      <split:reconciled-state>n</split:reconciled-state>
      <split:value>4890/100</split:value>
      <split:quantity>4890/100</split:quantity>
      <split:account type="guid">a407a639325647358d22326700816fc6</split:account>
</trn:split>
</trn:splits>
</gnc:transaction>
<gnc:transaction version="2.0.0">
  <trn:id type="guid">12056631722d4501a6d5dddb4e42f475</trn:id>
  <trn:currency>
    <cmdty:space>CURRENCY</cmdty:space>
    <cmdty:id>EUR</cmdty:id>
  </trn:currency>
  <trn:date-posted>
    <ts:date>2024-07-27 10:50:00 +0000</ts:date>
  </trn:date-posted>
  <trn:date-entered>
    <ts:date>2024-09-15 15:53:00 +0000</ts:date>
  </trn:date-entered>
  <trn:description>Anfangsbestand</trn:description>
  <trn:slots>
    <slot>
      <slot:key>date-posted</slot:key>
      <slot:value type="gdate">
        <gdate>2024-07-27</gdate>
      </slot:value>
    </slot>
  </trn:slots>
  <trn:splits>
    <trn:split>
      <split:id type="guid">a81ed057c1f7407faba06f929b80f443</split:id>
      <split:reconciled-state>n</split:reconciled-state>
      <split:value>-11147/100</split:value>
      <split:quantity>-11147/100</split:quantity>
      <split:account type="guid">736dcc22e6ed47819486c1b3fe6deb7c</split:account>
</trn:split>
<trn:split>
      <split:id type="guid">2c8e5851544a44b8912541303deff19e</split:id>
      <split:reconciled-state>n</split:reconciled-state>
      <split:value>11147/100</split:value>
      <split:quantity>11147/100</split:quantity>
      <split:account type="guid">a407a639325647358d22326700816fc6</split:account>
</trn:split>
</trn:splits>
</gnc:transaction>
<gnc:transaction version="2.0.0">
  <trn:id type="guid">1f255d2ac38f4b1386f900b92e6d26f4</trn:id>
  <trn:currency>
    <cmdty:space>CURRENCY</cmdty:space>
    <cmdty:id>EUR</cmdty:id>
  </trn:currency>
  <trn:date-posted>
    <ts:date>2024-07-27 10:50:00 +0000</ts:date>
  </trn:date-posted>
  <trn:date-entered>
    <ts:date>2024-09-15 15:53:00 +0000</ts:date>
  </trn:date-entered>
  <trn:description>Anfangsbestand</trn:description>
  <trn:slots>
    <slot>
      <slot:key>date-posted</slot:key>
      <slot:value type="gdate">
        <gdate>2024-07-27</gdate>
      </slot:value>
    </slot>
  </trn:slots>
  <trn:splits>
    <trn:split>
      <split:id type="guid">0200368978a24cbcacaf54a7ba0be535</split:id>
      <split:reconciled-state>n</split:reconciled-state>
      <split:value>-17635/100</split:value>
      <split:quantity>-17635/100</split:quantity>
      <split:account type="guid">7e93cecb75c8477b944043b5f89534c6</split:account>
</trn:split>
<trn:split>
      <split:id type="guid">95cc163faf264a4f8524cd4f7437f0e6</split:id>
      <split:reconciled-state>n</split:reconciled-state>
      <split:value>17635/100</split:value>
      <split:quantity>17635/100</split:quantity>
      <split:account type="guid">a407a639325647358d22326700816fc6</split:account>
</trn:split>
</trn:splits>
</gnc:transaction>
<gnc:transaction version="2.0.0">
  <trn:id type="guid">883eef4c971c47568e815755a9e1d3d4</trn:id>
  <trn:currency>
    <cmdty:space>CURRENCY</cmdty:space>
    <cmdty:id>EUR</cmdty:id>
  </trn:currency>
  <trn:date-posted>
    <ts:date>2024-07-27 10:50:00 +0000</ts:date>
  </trn:date-posted>
  <trn:date-entered>
    <ts:date>2024-09-15 15:53:00 +0000</ts:date>
  </trn:date-entered>
  <trn:description>Anfangsbestand</trn:description>
  <trn:slots>
    <slot>
      <slot:key>date-posted</slot:key>
      <slot:value type="gdate">
        <gdate>2024-07-27</gdate>
      </slot:value>
    </slot>
  </trn:slots>
  <trn:splits>
    <trn:split>
      <split:id type="guid">181c978ba59a41f898a9cf49624211d5</split:id>
      <split:reconciled-state>n</split:reconciled-state>
      <split:value>31166/100</split:value>
      <split:quantity>31166/100</split:quantity>
      <split:account type="guid">ac5fc83a52ff4afc8dcf56f0a6a6a278</split:account>
</trn:split>
<trn:split>
      <split:id type="guid">5c4cb9aed4594a189edef22d01eb9525</split:id>
      <split:reconciled-state>n</split:reconciled-state>
      <split:value>-31166/100</split:value>
      <split:quantity>-31166/100</split:quantity>
      <split:account type="guid">a407a639325647358d22326700816fc6</split:account>
</trn:split>
</trn:splits>
</gnc:transaction>
<gnc:transaction version="2.0.0">
  <trn:id type="guid">330121ec6995440ba20c7e09b2831d24</trn:id>
  <trn:currency>
    <cmdty:space>CURRENCY</cmdty:space>
    <cmdty:id>EUR</cmdty:id>
  </trn:currency>
  <trn:date-posted>
    <ts:date>2024-07-27 10:50:00 +0000</ts:date>
  </trn:date-posted>
  <trn:date-entered>
    <ts:date>2024-09-15 15:53:00 +0000</ts:date>
  </trn:date-entered>
  <trn:description>Anfangsbestand</trn:description>
  <trn:slots>
    <slot>
      <slot:key>date-posted</slot:key>
      <slot:value type="gdate">
        <gdate>2024-07-27</gdate>
      </slot:value>
    </slot>
  </trn:slots>
  <trn:splits>
    <trn:split>
      <split:id type="guid">440bf962e3694374a5dc7e23ff347817</split:id>
      <split:reconciled-state>n</split:reconciled-state>
      <split:value>-2846/100</split:value>
      <split:quantity>-2846/100</split:quantity>
      <split:account type="guid">97429d31c0444e1a8a351b5f3c5612c6</split:account>
</trn:split>
<trn:split>
      <split:id type="guid">02027d1ec30448feacd08352b80efdbf</split:id>
      <split:reconciled-state>n</split:reconciled-state>
      <split:value>2846/100</split:value>
      <split:quantity>2846/100</split:quantity>
      <split:account type="guid">a407a639325647358d22326700816fc6</split:account>
</trn:split>
</trn:splits>
</gnc:transaction>
<gnc:transaction version="2.0.0">
  <trn:id type="guid">aa6119757ec842b5a28e9426a5e44e81</trn:id>
  <trn:currency>
    <cmdty:space>CURRENCY</cmdty:space>
    <cmdty:id>EUR</cmdty:id>
  </trn:currency>
  <trn:date-posted>
    <ts:date>2024-07-27 10:50:00 +0000</ts:date>
  </trn:date-posted>
  <trn:date-entered>
    <ts:date>2024-09-15 15:53:00 +0000</ts:date>
  </trn:date-entered>
  <trn:description>Anfangsbestand</trn:description>
  <trn:slots>
    <slot>
      <slot:key>date-posted</slot:key>
      <slot:value type="gdate">
        <gdate>2024-07-27</gdate>
      </slot:value>
    </slot>
  </trn:slots>
  <trn:splits>
    <trn:split>
      <split:id type="guid">3326faa3afdc4928a3f5f51b2d699244</split:id>
      <split:reconciled-state>n</split:reconciled-state>
      <split:value>-3579/100</split:value>
      <split:quantity>-3579/100</split:quantity>
      <split:account type="guid">507a662f19944a5dafccac0cae2839cf</split:account>
</trn:split>
<trn:split>
      <split:id type="guid">78b5597860e0423ca1163455ca788c8c</split:id>
      <split:reconciled-state>n</split:reconciled-state>
      <split:value>3579/100</split:value>
      <split:quantity>3579/100</split:quantity>
      <split:account type="guid">a407a639325647358d22326700816fc6</split:account>
</trn:split>
</trn:splits>
</gnc:transaction>
<gnc:transaction version="2.0.0">
  <trn:id type="guid">e246d69a21604b81b5f440016a5451f7</trn:id>
  <trn:currency>
    <cmdty:space>CURRENCY</cmdty:space>
    <cmdty:id>EUR</cmdty:id>
  </trn:currency>
  <trn:date-posted>
    <ts:date>2024-07-27 10:50:00 +0000</ts:date>
  </trn:date-posted>
  <trn:date-entered>
    <ts:date>2024-09-15 15:53:00 +0000</ts:date>
  </trn:date-entered>
  <trn:description>Anfangsbestand</trn:description>
  <trn:slots>
    <slot>
      <slot:key>date-posted</slot:key>
      <slot:value type="gdate">
        <gdate>2024-07-27</gdate>
      </slot:value>
    </slot>
  </trn:slots>
  <trn:splits>
    <trn:split>
      <split:id type="guid">34e8db6a051e4feeb90bcc8a740007b1</split:id>
      <split:reconciled-state>n</split:reconciled-state>
      <split:value>-5900/100</split:value>
      <split:quantity>-5900/100</split:quantity>
      <split:account type="guid">cd2b992fb6974d528da4cea187e8125e</split:account>
</trn:split>
<trn:split>
      <split:id type="guid">4ec3696ef2a448089e9adb6199ae75ea</split:id>
      <split:reconciled-state>n</split:reconciled-state>
      <split:value>5900/100</split:value>
      <split:quantity>5900/100</split:quantity>
      <split:account type="guid">a407a639325647358d22326700816fc6</split:account>
</trn:split>
</trn:splits>
</gnc:transaction>
<gnc:transaction version="2.0.0">
  <trn:id type="guid">8cc7554a824d4490becb7e45990b8b0c</trn:id>
  <trn:currency>
    <cmdty:space>CURRENCY</cmdty:space>
    <cmdty:id>EUR</cmdty:id>
  </trn:currency>
  <trn:date-posted>
    <ts:date>2024-07-27 10:50:00 +0000</ts:date>
  </trn:date-posted>
  <trn:date-entered>
    <ts:date>2024-09-15 15:53:00 +0000</ts:date>
  </trn:date-entered>
  <trn:description>Anfangsbestand</trn:description>
  <trn:slots>
    <slot>
      <slot:key>date-posted</slot:key>
      <slot:value type="gdate">
        <gdate>2024-07-27</gdate>
      </slot:value>
    </slot>
  </trn:slots>
  <trn:splits>
    <trn:split>
      <split:id type="guid">50406936ccb847d284f8770d8a932885</split:id>
      <split:reconciled-state>n</split:reconciled-state>
      <split:value>3031/100</split:value>
      <split:quantity>3031/100</split:quantity>
      <split:account type="guid">a4a126a3361542a286514138aa09aec0</split:account>
</trn:split>
<trn:split>
      <split:id type="guid">6ec75fcc029842788b740ab3b7b32fc9</split:id>
      <split:reconciled-state>n</split:reconciled-state>
      <split:value>-3031/100</split:value>
      <split:quantity>-3031/100</split:quantity>
      <split:account type="guid">a407a639325647358d22326700816fc6</split:account>
</trn:split>
</trn:splits>
</gnc:transaction>
<gnc:transaction version="2.0.0">
  <trn:id type="guid">a878e356af4341feb4ffd38c396f206c</trn:id>
  <trn:currency>
    <cmdty:space>CURRENCY</cmdty:space>
    <cmdty:id>EUR</cmdty:id>
  </trn:currency>
  <trn:date-posted>
    <ts:date>2024-07-27 10:50:00 +0000</ts:date>
  </trn:date-posted>
  <trn:date-entered>
    <ts:date>2024-09-15 15:53:00 +0000</ts:date>
  </trn:date-entered>
  <trn:description>Anfangsbestand</trn:description>
  <trn:slots>
    <slot>
      <slot:key>date-posted</slot:key>
      <slot:value type="gdate">
        <gdate>2024-07-27</gdate>
      </slot:value>
    </slot>
  </trn:slots>
  <trn:splits>
    <trn:split>
      <split:id type="guid">293b7ce33a5349d6be6ce858ceafe3e6</split:id>
      <split:reconciled-state>n</split:reconciled-state>
      <split:value>-12933/100</split:value>
      <split:quantity>-12933/100</split:quantity>
      <split:account type="guid">925afbd233be4c7587a646127671820b</split:account>
</trn:split>
<trn:split>
      <split:id type="guid">36bc155891e142f7b02483cb9eeaf9b0</split:id>
      <split:reconciled-state>n</split:reconciled-state>
      <split:value>12933/100</split:value>
      <split:quantity>12933/100</split:quantity>
      <split:account type="guid">a407a639325647358d22326700816fc6</split:account>
</trn:split>
</trn:splits>
</gnc:transaction>
<gnc:transaction version="2.0.0">
  <trn:id type="guid">b39c2ddd41bf4d51bdd810019bcb9acb</trn:id>
  <trn:currency>
    <cmdty:space>CURRENCY</cmdty:space>
    <cmdty:id>EUR</cmdty:id>
  </trn:currency>
  <trn:date-posted>
    <ts:date>2024-07-27 10:50:00 +0000</ts:date>
  </trn:date-posted>
  <trn:date-entered>
    <ts:date>2024-09-15 15:53:00 +0000</ts:date>
  </trn:date-entered>
  <trn:description>Anfangsbestand</trn:description>
  <trn:slots>
    <slot>
      <slot:key>date-posted</slot:key>
      <slot:value type="gdate">
        <gdate>2024-07-27</gdate>
      </slot:value>
    </slot>
  </trn:slots>
  <trn:splits>
    <trn:split>
      <split:id type="guid">51ddbe8d1c984563aef7f2f27e66103f</split:id>
      <split:reconciled-state>n</split:reconciled-state>
      <split:value>-6027/100</split:value>
      <split:quantity>-6027/100</split:quantity>
      <split:account type="guid">3c53cd00af1b485793c0accead1cce1e</split:account>
</trn:split>
<trn:split>
      <split:id type="guid">d348f252e65b4f0e81591defc927a1ac</split:id>
      <split:reconciled-state>n</split:reconciled-state>
      <split:value>6027/100</split:value>
      <split:quantity>6027/100</split:quantity>
      <split:account type="guid">a407a639325647358d22326700816fc6</split:account>
</trn:split>
</trn:splits>
</gnc:transaction>
<gnc:transaction version="2.0.0">
  <trn:id type="guid">04461ab1fb1d4fee803459130240047e</trn:id>
  <trn:currency>
    <cmdty:space>CURRENCY</cmdty:space>
    <cmdty:id>EUR</cmdty:id>
  </trn:currency>
  <trn:date-posted>
    <ts:date>2024-07-27 10:50:00 +0000</ts:date>
  </trn:date-posted>
  <trn:date-entered>
    <ts:date>2024-09-15 15:53:00 +0000</ts:date>
  </trn:date-entered>
  <trn:description>Anfangsbestand</trn:description>
  <trn:slots>
    <slot>
      <slot:key>date-posted</slot:key>
      <slot:value type="gdate">
        <gdate>2024-07-27</gdate>
      </slot:value>
    </slot>
  </trn:slots>
  <trn:splits>
    <trn:split>
      <split:id type="guid">33a8823d881843d9be2405a563fc383a</split:id>
      <split:reconciled-state>n</split:reconciled-state>
      <split:value>27959/100</split:value>
      <split:quantity>27959/100</split:quantity>
      <split:account type="guid">251ed668202b4befa3e4190cbdcad00e</split:account>
</trn:split>
<trn:split>
      <split:id type="guid">4fb063d4f3b7435981a8a597bdbf4968</split:id>
      <split:reconciled-state>n</split:reconciled-state>
      <split:value>-27959/100</split:value>
      <split:quantity>-27959/100</split:quantity>
      <split:account type="guid">a407a639325647358d22326700816fc6</split:account>
</trn:split>
</trn:splits>
</gnc:transaction>
<gnc:transaction version="2.0.0">
  <trn:id type="guid">703d54628f27449a8e7a44ea3bd7598f</trn:id>
  <trn:currency>
    <cmdty:space>CURRENCY</cmdty:space>
    <cmdty:id>EUR</cmdty:id>
  </trn:currency>
  <trn:date-posted>
    <ts:date>2024-07-27 10:50:00 +0000</ts:date>
  </trn:date-posted>
  <trn:date-entered>
    <ts:date>2024-09-15 15:53:00 +0000</ts:date>
  </trn:date-entered>
  <trn:description>Anfangsbestand</trn:description>
  <trn:slots>
    <slot>
      <slot:key>date-posted</slot:key>
      <slot:value type="gdate">
        <gdate>2024-07-27</gdate>
      </slot:value>
    </slot>
  </trn:slots>
  <trn:splits>
    <trn:split>
      <split:id type="guid">a14c21cf9fbf43829ea3d6b59541036f</split:id>
      <split:reconciled-state>n</split:reconciled-state>
      <split:value>75/100</split:value>
      <split:quantity>75/100</split:quantity>
      <split:account type="guid">e25c0f4fbe394b01b7a6def7fbc00bd2</split:account>
</trn:split>
<trn:split>
      <split:id type="guid">1a89dfe2fe9b44f1b9360600a406ac57</split:id>
      <split:reconciled-state>n</split:reconciled-state>
      <split:value>-75/100</split:value>
      <split:quantity>-75/100</split:quantity>
      <split:account type="guid">a407a639325647358d22326700816fc6</split:account>
</trn:split>
</trn:splits>
</gnc:transaction>
<gnc:transaction version="2.0.0">
  <trn:id type="guid">bb5e7340d0da46f08efdf465a159eace</trn:id>
  <trn:currency>
    <cmdty:space>CURRENCY</cmdty:space>
    <cmdty:id>EUR</cmdty:id>
  </trn:currency>
  <trn:date-posted>
    <ts:date>2024-07-27 10:50:00 +0000</ts:date>
  </trn:date-posted>
  <trn:date-entered>
    <ts:date>2024-09-15 15:53:00 +0000</ts:date>
  </trn:date-entered>
  <trn:description>Anfangsbestand</trn:description>
  <trn:slots>
    <slot>
      <slot:key>date-posted</slot:key>
      <slot:value type="gdate">
        <gdate>2024-07-27</gdate>
      </slot:value>
    </slot>
  </trn:slots>
  <trn:splits>
    <trn:split>
      <split:id type="guid">0ea365bba0144034bd685f9b0699775b</split:id>
      <split:reconciled-state>n</split:reconciled-state>
      <split:value>-5410/100</split:value>
      <split:quantity>-5410/100</split:quantity>
      <split:account type="guid">4064c3e7ee2940a7bdc45370793a6758</split:account>
</trn:split>
<trn:split>
      <split:id type="guid">2c612ec4896d493b977b06ee0c00aa36</split:id>
      <split:reconciled-state>n</split:reconciled-state>
      <split:value>5410/100</split:value>
      <split:quantity>5410/100</split:quantity>
      <split:account type="guid">a407a639325647358d22326700816fc6</split:account>
</trn:split>
</trn:splits>
</gnc:transaction>
<gnc:transaction version="2.0.0">
  <trn:id type="guid">9931f1da9bb9427b89096b0f5f49edbc</trn:id>
  <trn:currency>
    <cmdty:space>CURRENCY</cmdty:space>
    <cmdty:id>EUR</cmdty:id>
  </trn:currency>
  <trn:date-posted>
    <ts:date>2024-07-27 10:50:00 +0000</ts:date>
  </trn:date-posted>
  <trn:date-entered>
    <ts:date>2024-09-15 15:53:00 +0000</ts:date>
  </trn:date-entered>
  <trn:description>Anfangsbestand</trn:description>
  <trn:slots>
    <slot>
      <slot:key>date-posted</slot:key>
      <slot:value type="gdate">
        <gdate>2024-07-27</gdate>
      </slot:value>
    </slot>
  </trn:slots>
  <trn:splits>
    <trn:split>
      <split:id type="guid">79dc435e9270457289b3e555144be1dc</split:id>
      <split:reconciled-state>n</split:reconciled-state>
      <split:value>-9847/100</split:value>
      <split:quantity>-9847/100</split:quantity>
      <split:account type="guid">06c1544a89634d4a99c1ae4de2af848f</split:account>
</trn:split>
<trn:split>
      <split:id type="guid">86d8f1531a424bd68a215e6a33fbc692</split:id>
      <split:reconciled-state>n</split:reconciled-state>
      <split:value>9847/100</split:value>
      <split:quantity>9847/100</split:quantity>
      <split:account type="guid">a407a639325647358d22326700816fc6</split:account>
</trn:split>
</trn:splits>
</gnc:transaction>
<gnc:transaction version="2.0.0">
  <trn:id type="guid">0c2c54c493224f53921c8d673973a5cc</trn:id>
  <trn:currency>
    <cmdty:space>CURRENCY</cmdty:space>
    <cmdty:id>EUR</cmdty:id>
  </trn:currency>
  <trn:date-posted>
    <ts:date>2024-07-27 10:50:00 +0000</ts:date>
  </trn:date-posted>
  <trn:date-entered>
    <ts:date>2024-09-15 15:53:00 +0000</ts:date>
  </trn:date-entered>
  <trn:description>Anfangsbestand</trn:description>
  <trn:slots>
    <slot>
      <slot:key>date-posted</slot:key>
      <slot:value type="gdate">
        <gdate>2024-07-27</gdate>
      </slot:value>
    </slot>
  </trn:slots>
  <trn:splits>
    <trn:split>
      <split:id type="guid">e716f7f0e12c498db415dba9e4b10c51</split:id>
      <split:reconciled-state>n</split:reconciled-state>
      <split:value>-1275/100</split:value>
      <split:quantity>-1275/100</split:quantity>
      <split:account type="guid">4957f3b048314c8c85d9c8f3b86724c3</split:account>
</trn:split>
<trn:split>
      <split:id type="guid">398ee6a51f394901bc16443f7b4e731d</split:id>
      <split:reconciled-state>n</split:reconciled-state>
      <split:value>1275/100</split:value>
      <split:quantity>1275/100</split:quantity>
      <split:account type="guid">a407a639325647358d22326700816fc6</split:account>
</trn:split>
</trn:splits>
</gnc:transaction>
<gnc:transaction version="2.0.0">
  <trn:id type="guid">aa14b4c06ec144a69b1c5779c5405c7a</trn:id>
  <trn:currency>
    <cmdty:space>CURRENCY</cmdty:space>
    <cmdty:id>EUR</cmdty:id>
  </trn:currency>
  <trn:date-posted>
    <ts:date>2024-07-27 10:50:00 +0000</ts:date>
  </trn:date-posted>
  <trn:date-entered>
    <ts:date>2024-09-15 15:53:00 +0000</ts:date>
  </trn:date-entered>
  <trn:description>Anfangsbestand</trn:description>
  <trn:slots>
    <slot>
      <slot:key>date-posted</slot:key>
      <slot:value type="gdate">
        <gdate>2024-07-27</gdate>
      </slot:value>
    </slot>
  </trn:slots>
  <trn:splits>
    <trn:split>
      <split:id type="guid">0b53c4b1344b4c1294316565b3979742</split:id>
      <split:reconciled-state>n</split:reconciled-state>
      <split:value>-2330/100</split:value>
      <split:quantity>-2330/100</split:quantity>
      <split:account type="guid">ae83343bfbb043d392b9272f46c47da6</split:account>
</trn:split>
<trn:split>
      <split:id type="guid">033ed6ac2412462cb57095f54980ec63</split:id>
      <split:reconciled-state>n</split:reconciled-state>
      <split:value>2330/100</split:value>
      <split:quantity>2330/100</split:quantity>
      <split:account type="guid">a407a639325647358d22326700816fc6</split:account>
</trn:split>
</trn:splits>
</gnc:transaction>
<gnc:transaction version="2.0.0">
  <trn:id type="guid">c15ced99b827479b918950a2710c1b8b</trn:id>
  <trn:currency>
    <cmdty:space>CURRENCY</cmdty:space>
    <cmdty:id>EUR</cmdty:id>
  </trn:currency>
  <trn:date-posted>
    <ts:date>2024-07-27 10:50:00 +0000</ts:date>
  </trn:date-posted>
  <trn:date-entered>
    <ts:date>2024-09-15 15:53:00 +0000</ts:date>
  </trn:date-entered>
  <trn:description>Anfangsbestand</trn:description>
  <trn:slots>
    <slot>
      <slot:key>date-posted</slot:key>
      <slot:value type="gdate">
        <gdate>2024-07-27</gdate>
      </slot:value>
    </slot>
  </trn:slots>
  <trn:splits>
    <trn:split>
      <split:id type="guid">7cee66beae4747ebbee70be65208b6be</split:id>
      <split:reconciled-state>n</split:reconciled-state>
      <split:value>-5000/100</split:value>
      <split:quantity>-5000/100</split:quantity>
      <split:account type="guid">e61c84776f9941bca5dc0d84070f855e</split:account>
</trn:split>
<trn:split>
      <split:id type="guid">f26424d5ccf34eb0aeeea572fbfd3672</split:id>
      <split:reconciled-state>n</split:reconciled-state>
      <split:value>5000/100</split:value>
      <split:quantity>5000/100</split:quantity>
      <split:account type="guid">a407a639325647358d22326700816fc6</split:account>
</trn:split>
</trn:splits>
</gnc:transaction>
<gnc:transaction version="2.0.0">
  <trn:id type="guid">dbdb84fdc6174a228cb469d2d0ce1f11</trn:id>
  <trn:currency>
    <cmdty:space>CURRENCY</cmdty:space>
    <cmdty:id>EUR</cmdty:id>
  </trn:currency>
  <trn:date-posted>
    <ts:date>2024-07-27 10:50:00 +0000</ts:date>
  </trn:date-posted>
  <trn:date-entered>
    <ts:date>2024-09-15 15:53:00 +0000</ts:date>
  </trn:date-entered>
  <trn:description>Anfangsbestand</trn:description>
  <trn:slots>
    <slot>
      <slot:key>date-posted</slot:key>
      <slot:value type="gdate">
        <gdate>2024-07-27</gdate>
      </slot:value>
    </slot>
  </trn:slots>
  <trn:splits>
    <trn:split>
      <split:id type="guid">682a5cf6527d448d99472b5a80cae4e6</split:id>
      <split:reconciled-state>n</split:reconciled-state>
      <split:value>-27050/100</split:value>
      <split:quantity>-27050/100</split:quantity>
      <split:account type="guid">3a32efad69de452ca9fd3029564c950f</split:account>
</trn:split>
<trn:split>
      <split:id type="guid">bb08a0494e9e4055aa7365e83ea9814e</split:id>
      <split:reconciled-state>n</split:reconciled-state>
      <split:value>27050/100</split:value>
      <split:quantity>27050/100</split:quantity>
      <split:account type="guid">a407a639325647358d22326700816fc6</split:account>
</trn:split>
</trn:splits>
</gnc:transaction>
<gnc:transaction version="2.0.0">
  <trn:id type="guid">cbd3be42b32f4aac8bb78215453a5fcb</trn:id>
  <trn:currency>
    <cmdty:space>CURRENCY</cmdty:space>
    <cmdty:id>EUR</cmdty:id>
  </trn:currency>
  <trn:date-posted>
    <ts:date>2024-07-27 10:50:00 +0000</ts:date>
  </trn:date-posted>
  <trn:date-entered>
    <ts:date>2024-09-15 15:53:00 +0000</ts:date>
  </trn:date-entered>
  <trn:description>Anfangsbestand</trn:description>
  <trn:slots>
    <slot>
      <slot:key>date-posted</slot:key>
      <slot:value type="gdate">
        <gdate>2024-07-27</gdate>
      </slot:value>
    </slot>
  </trn:slots>
  <trn:splits>
    <trn:split>
      <split:id type="guid">e3fcf672f1bb4cc9a5ba85b34d90ea33</split:id>
      <split:reconciled-state>n</split:reconciled-state>
      <split:value>-6049/100</split:value>
      <split:quantity>-6049/100</split:quantity>
      <split:account type="guid">c36d6980e0c64aecbbffb39284e9781b</split:account>
</trn:split>
<trn:split>
      <split:id type="guid">ceaa080cd3844c14ab7b0b4553e15bef</split:id>
      <split:reconciled-state>n</split:reconciled-state>
      <split:value>6049/100</split:value>
      <split:quantity>6049/100</split:quantity>
      <split:account type="guid">a407a639325647358d22326700816fc6</split:account>
</trn:split>
</trn:splits>
</gnc:transaction>
<gnc:transaction version="2.0.0">
  <trn:id type="guid">f779b6134cdc40459d1b46851df8fe68</trn:id>
  <trn:currency>
    <cmdty:space>CURRENCY</cmdty:space>
    <cmdty:id>EUR</cmdty:id>
  </trn:currency>
  <trn:date-posted>
    <ts:date>2024-07-27 10:50:00 +0000</ts:date>
  </trn:date-posted>
  <trn:date-entered>
    <ts:date>2024-09-15 15:53:00 +0000</ts:date>
  </trn:date-entered>
  <trn:description>Anfangsbestand</trn:description>
  <trn:slots>
    <slot>
      <slot:key>date-posted</slot:key>
      <slot:value type="gdate">
        <gdate>2024-07-27</gdate>
      </slot:value>
    </slot>
  </trn:slots>
  <trn:splits>
    <trn:split>
      <split:id type="guid">7f12ef9e2f6c414a9317b2fe92c5e147</split:id>
      <split:reconciled-state>n</split:reconciled-state>
      <split:value>-4444/100</split:value>
      <split:quantity>-4444/100</split:quantity>
      <split:account type="guid">d3776649b0124128bdc8782ea5847c26</split:account>
</trn:split>
<trn:split>
      <split:id type="guid">dd412ff7410d4c96bb7da2d9ac298cca</split:id>
      <split:reconciled-state>n</split:reconciled-state>
      <split:value>4444/100</split:value>
      <split:quantity>4444/100</split:quantity>
      <split:account type="guid">a407a639325647358d22326700816fc6</split:account>
</trn:split>
</trn:splits>
</gnc:transaction>
<gnc:transaction version="2.0.0">
  <trn:id type="guid">b3d676bcc21f46c7ac526a7c1ee2a411</trn:id>
  <trn:currency>
    <cmdty:space>CURRENCY</cmdty:space>
    <cmdty:id>EUR</cmdty:id>
  </trn:currency>
  <trn:date-posted>
    <ts:date>2024-07-27 10:50:00 +0000</ts:date>
  </trn:date-posted>
  <trn:date-entered>
    <ts:date>2024-09-15 15:53:00 +0000</ts:date>
  </trn:date-entered>
  <trn:description>Anfangsbestand</trn:description>
  <trn:slots>
    <slot>
      <slot:key>date-posted</slot:key>
      <slot:value type="gdate">
        <gdate>2024-07-27</gdate>
      </slot:value>
    </slot>
  </trn:slots>
  <trn:splits>
    <trn:split>
      <split:id type="guid">f54c909e825947aab531403184260f72</split:id>
      <split:reconciled-state>n</split:reconciled-state>
      <split:value>-982/100</split:value>
      <split:quantity>-982/100</split:quantity>
      <split:account type="guid">1b77228a36ab420c857b92f88f5e6d0c</split:account>
</trn:split>
<trn:split>
      <split:id type="guid">afe88d31b68c4fc296cd9b1d850006ed</split:id>
      <split:reconciled-state>n</split:reconciled-state>
      <split:value>982/100</split:value>
      <split:quantity>982/100</split:quantity>
      <split:account type="guid">a407a639325647358d22326700816fc6</split:account>
</trn:split>
</trn:splits>
</gnc:transaction>
<gnc:transaction version="2.0.0">
  <trn:id type="guid">12b95b945681405d92df3bf16181b422</trn:id>
  <trn:currency>
    <cmdty:space>CURRENCY</cmdty:space>
    <cmdty:id>EUR</cmdty:id>
  </trn:currency>
  <trn:date-posted>
    <ts:date>2024-07-27 10:50:00 +0000</ts:date>
  </trn:date-posted>
  <trn:date-entered>
    <ts:date>2024-09-15 15:53:00 +0000</ts:date>
  </trn:date-entered>
  <trn:description>Anfangsbestand</trn:description>
  <trn:slots>
    <slot>
      <slot:key>date-posted</slot:key>
      <slot:value type="gdate">
        <gdate>2024-07-27</gdate>
      </slot:value>
    </slot>
  </trn:slots>
  <trn:splits>
    <trn:split>
      <split:id type="guid">1ab2aa38f4b04142b10b57ffabcd9cfd</split:id>
      <split:reconciled-state>n</split:reconciled-state>
      <split:value>250/100</split:value>
      <split:quantity>250/100</split:quantity>
      <split:account type="guid">c52ed0ac7d0b4f37a19c7a98ec1a3b1c</split:account>
</trn:split>
<trn:split>
      <split:id type="guid">52db4ce0ee994b9d9280fcd168babf42</split:id>
      <split:reconciled-state>n</split:reconciled-state>
      <split:value>-250/100</split:value>
      <split:quantity>-250/100</split:quantity>
      <split:account type="guid">a407a639325647358d22326700816fc6</split:account>
</trn:split>
</trn:splits>
</gnc:transaction>
<gnc:transaction version="2.0.0">
  <trn:id type="guid">bd1a98b466944c9b8ef9891cce0fb94e</trn:id>
  <trn:currency>
    <cmdty:space>CURRENCY</cmdty:space>
    <cmdty:id>EUR</cmdty:id>
  </trn:currency>
  <trn:date-posted>
    <ts:date>2024-07-27 10:50:00 +0000</ts:date>
  </trn:date-posted>
  <trn:date-entered>
    <ts:date>2024-09-15 15:53:00 +0000</ts:date>
  </trn:date-entered>
  <trn:description>Anfangsbestand</trn:description>
  <trn:slots>
    <slot>
      <slot:key>date-posted</slot:key>
      <slot:value type="gdate">
        <gdate>2024-07-27</gdate>
      </slot:value>
    </slot>
  </trn:slots>
  <trn:splits>
    <trn:split>
      <split:id type="guid">7638c293d70a4d8ea7daf95e3fa91c58</split:id>
      <split:reconciled-state>n</split:reconciled-state>
      <split:value>-15028/100</split:value>
      <split:quantity>-15028/100</split:quantity>
      <split:account type="guid">1f83e6c5c8e84f4ea4b33b1c9ed63e17</split:account>
</trn:split>
<trn:split>
      <split:id type="guid">1c37ee9ef0e2421895488bb9c7a5d7b6</split:id>
      <split:reconciled-state>n</split:reconciled-state>
      <split:value>15028/100</split:value>
      <split:quantity>15028/100</split:quantity>
      <split:account type="guid">a407a639325647358d22326700816fc6</split:account>
</trn:split>
</trn:splits>
</gnc:transaction>
<gnc:transaction version="2.0.0">
  <trn:id type="guid">874b5f2ce0884d17b0fe43c05fcfc8ed</trn:id>
  <trn:currency>
    <cmdty:space>CURRENCY</cmdty:space>
    <cmdty:id>EUR</cmdty:id>
  </trn:currency>
  <trn:date-posted>
    <ts:date>2024-07-27 10:50:00 +0000</ts:date>
  </trn:date-posted>
  <trn:date-entered>
    <ts:date>2024-09-15 15:53:00 +0000</ts:date>
  </trn:date-entered>
  <trn:description>Anfangsbestand</trn:description>
  <trn:slots>
    <slot>
      <slot:key>date-posted</slot:key>
      <slot:value type="gdate">
        <gdate>2024-07-27</gdate>
      </slot:value>
    </slot>
  </trn:slots>
  <trn:splits>
    <trn:split>
      <split:id type="guid">75d4f17b015040af8bd692d0985380ae</split:id>
      <split:reconciled-state>n</split:reconciled-state>
      <split:value>139/100</split:value>
      <split:quantity>139/100</split:quantity>
      <split:account type="guid">6631f5a6a25a4419bc08ba1beaa6b808</split:account>
</trn:split>
<trn:split>
      <split:id type="guid">294850a28c4a4bf2abf83dad341864f9</split:id>
      <split:reconciled-state>n</split:reconciled-state>
      <split:value>-139/100</split:value>
      <split:quantity>-139/100</split:quantity>
      <split:account type="guid">a407a639325647358d22326700816fc6</split:account>
</trn:split>
</trn:splits>
</gnc:transaction>
<gnc:transaction version="2.0.0">
  <trn:id type="guid">6afd18fb47074d89ae286816e51a5723</trn:id>
  <trn:currency>
    <cmdty:space>CURRENCY</cmdty:space>
    <cmdty:id>EUR</cmdty:id>
  </trn:currency>
  <trn:date-posted>
    <ts:date>2024-07-27 10:50:00 +0000</ts:date>
  </trn:date-posted>
  <trn:date-entered>
    <ts:date>2024-09-15 15:53:00 +0000</ts:date>
  </trn:date-entered>
  <trn:description>Anfangsbestand</trn:description>
  <trn:slots>
    <slot>
      <slot:key>date-posted</slot:key>
      <slot:value type="gdate">
        <gdate>2024-07-27</gdate>
      </slot:value>
    </slot>
  </trn:slots>
  <trn:splits>
    <trn:split>
      <split:id type="guid">a6ea4b54305f409ca2040b9a18e10b58</split:id>
      <split:reconciled-state>n</split:reconciled-state>
      <split:value>-4870/100</split:value>
      <split:quantity>-4870/100</split:quantity>
      <split:account type="guid">c3924062ae6e4093b3a3f906df6e8e4e</split:account>
</trn:split>
<trn:split>
      <split:id type="guid">e3f1a943923a42a2a7cac2642cfc7507</split:id>
      <split:reconciled-state>n</split:reconciled-state>
      <split:value>4870/100</split:value>
      <split:quantity>4870/100</split:quantity>
      <split:account type="guid">a407a639325647358d22326700816fc6</split:account>
</trn:split>
</trn:splits>
</gnc:transaction>
<gnc:transaction version="2.0.0">
  <trn:id type="guid">be907035037a4f8f8c238801c615980e</trn:id>
  <trn:currency>
    <cmdty:space>CURRENCY</cmdty:space>
    <cmdty:id>EUR</cmdty:id>
  </trn:currency>
  <trn:date-posted>
    <ts:date>2024-07-27 10:50:00 +0000</ts:date>
  </trn:date-posted>
  <trn:date-entered>
    <ts:date>2024-09-15 15:53:00 +0000</ts:date>
  </trn:date-entered>
  <trn:description>Anfangsbestand</trn:description>
  <trn:slots>
    <slot>
      <slot:key>date-posted</slot:key>
      <slot:value type="gdate">
        <gdate>2024-07-27</gdate>
      </slot:value>
    </slot>
  </trn:slots>
  <trn:splits>
    <trn:split>
      <split:id type="guid">be1af4cd04e7421986cf632bfe379c39</split:id>
      <split:reconciled-state>n</split:reconciled-state>
      <split:value>-584/100</split:value>
      <split:quantity>-584/100</split:quantity>
      <split:account type="guid">e0e5f840f7ed4dc896b0c5b5197d6f73</split:account>
</trn:split>
<trn:split>
      <split:id type="guid">1b573b00a1c647c893158254862a71a8</split:id>
      <split:reconciled-state>n</split:reconciled-state>
      <split:value>584/100</split:value>
      <split:quantity>584/100</split:quantity>
      <split:account type="guid">a407a639325647358d22326700816fc6</split:account>
</trn:split>
</trn:splits>
</gnc:transaction>
<gnc:transaction version="2.0.0">
  <trn:id type="guid">565b9400721842cb8b13f927afd451ea</trn:id>
  <trn:currency>
    <cmdty:space>CURRENCY</cmdty:space>
    <cmdty:id>EUR</cmdty:id>
  </trn:currency>
  <trn:date-posted>
    <ts:date>2024-07-27 10:50:00 +0000</ts:date>
  </trn:date-posted>
  <trn:date-entered>
    <ts:date>2024-09-15 15:53:00 +0000</ts:date>
  </trn:date-entered>
  <trn:description>Anfangsbestand</trn:description>
  <trn:slots>
    <slot>
      <slot:key>date-posted</slot:key>
      <slot:value type="gdate">
        <gdate>2024-07-27</gdate>
      </slot:value>
    </slot>
  </trn:slots>
  <trn:splits>
    <trn:split>
      <split:id type="guid">f541de55f29d4e89973d4dc060d72024</split:id>
      <split:reconciled-state>n</split:reconciled-state>
      <split:value>-1387/100</split:value>
      <split:quantity>-1387/100</split:quantity>
      <split:account type="guid">2bd5af159dfb483c81bb74067f1b941c</split:account>
</trn:split>
<trn:split>
      <split:id type="guid">9eef59dc3de84b32b6f5f0d9ac8a78e9</split:id>
      <split:reconciled-state>n</split:reconciled-state>
      <split:value>1387/100</split:value>
      <split:quantity>1387/100</split:quantity>
      <split:account type="guid">a407a639325647358d22326700816fc6</split:account>
</trn:split>
</trn:splits>
</gnc:transaction>
<gnc:transaction version="2.0.0">
  <trn:id type="guid">1c8e5c5cb1344502afe6320125d802b8</trn:id>
  <trn:currency>
    <cmdty:space>CURRENCY</cmdty:space>
    <cmdty:id>EUR</cmdty:id>
  </trn:currency>
  <trn:date-posted>
    <ts:date>2024-07-27 10:50:00 +0000</ts:date>
  </trn:date-posted>
  <trn:date-entered>
    <ts:date>2024-09-15 15:53:00 +0000</ts:date>
  </trn:date-entered>
  <trn:description>Anfangsbestand</trn:description>
  <trn:slots>
    <slot>
      <slot:key>date-posted</slot:key>
      <slot:value type="gdate">
        <gdate>2024-07-27</gdate>
      </slot:value>
    </slot>
  </trn:slots>
  <trn:splits>
    <trn:split>
      <split:id type="guid">0b8ac9ece8664b6e91a65d2d2f5763c3</split:id>
      <split:reconciled-state>n</split:reconciled-state>
      <split:value>-1170/100</split:value>
      <split:quantity>-1170/100</split:quantity>
      <split:account type="guid">b9935e38a8e944848f3c6e8792946338</split:account>
</trn:split>
<trn:split>
      <split:id type="guid">619f8878eca44a1a9c6077f3aa028a0c</split:id>
      <split:reconciled-state>n</split:reconciled-state>
      <split:value>1170/100</split:value>
      <split:quantity>1170/100</split:quantity>
      <split:account type="guid">a407a639325647358d22326700816fc6</split:account>
</trn:split>
</trn:splits>
</gnc:transaction>
<gnc:transaction version="2.0.0">
  <trn:id type="guid">620745253b0c46299269768e1cd5b4d1</trn:id>
  <trn:currency>
    <cmdty:space>CURRENCY</cmdty:space>
    <cmdty:id>EUR</cmdty:id>
  </trn:currency>
  <trn:date-posted>
    <ts:date>2024-07-27 10:50:00 +0000</ts:date>
  </trn:date-posted>
  <trn:date-entered>
    <ts:date>2024-09-15 15:53:00 +0000</ts:date>
  </trn:date-entered>
  <trn:description>Anfangsbestand</trn:description>
  <trn:slots>
    <slot>
      <slot:key>date-posted</slot:key>
      <slot:value type="gdate">
        <gdate>2024-07-27</gdate>
      </slot:value>
    </slot>
  </trn:slots>
  <trn:splits>
    <trn:split>
      <split:id type="guid">20e149e38e4c45449f5b5e7446228a76</split:id>
      <split:reconciled-state>n</split:reconciled-state>
      <split:value>-4079/100</split:value>
      <split:quantity>-4079/100</split:quantity>
      <split:account type="guid">42e366584fd54232bf84641ee7393083</split:account>
</trn:split>
<trn:split>
      <split:id type="guid">1f8f09d8dda24c93a4cf72253cdd701f</split:id>
      <split:reconciled-state>n</split:reconciled-state>
      <split:value>4079/100</split:value>
      <split:quantity>4079/100</split:quantity>
      <split:account type="guid">a407a639325647358d22326700816fc6</split:account>
</trn:split>
</trn:splits>
</gnc:transaction>
<gnc:transaction version="2.0.0">
  <trn:id type="guid">1305d644dfe64f5db9de077b490a36c2</trn:id>
  <trn:currency>
    <cmdty:space>CURRENCY</cmdty:space>
    <cmdty:id>EUR</cmdty:id>
  </trn:currency>
  <trn:date-posted>
    <ts:date>2024-07-27 10:50:00 +0000</ts:date>
  </trn:date-posted>
  <trn:date-entered>
    <ts:date>2024-09-15 15:53:00 +0000</ts:date>
  </trn:date-entered>
  <trn:description>Anfangsbestand</trn:description>
  <trn:slots>
    <slot>
      <slot:key>date-posted</slot:key>
      <slot:value type="gdate">
        <gdate>2024-07-27</gdate>
      </slot:value>
    </slot>
  </trn:slots>
  <trn:splits>
    <trn:split>
      <split:id type="guid">b7093aabe344466689bd0f8b6b5811b0</split:id>
      <split:reconciled-state>n</split:reconciled-state>
      <split:value>-843/100</split:value>
      <split:quantity>-843/100</split:quantity>
      <split:account type="guid">22132ec544284ba582927eea534dfa79</split:account>
</trn:split>
<trn:split>
      <split:id type="guid">9860e4312aaa494b9372644f4b490f7e</split:id>
      <split:reconciled-state>n</split:reconciled-state>
      <split:value>843/100</split:value>
      <split:quantity>843/100</split:quantity>
      <split:account type="guid">a407a639325647358d22326700816fc6</split:account>
</trn:split>
</trn:splits>
</gnc:transaction>
<gnc:transaction version="2.0.0">
  <trn:id type="guid">f42e22a6f7764a729a5a446336acf3d0</trn:id>
  <trn:currency>
    <cmdty:space>CURRENCY</cmdty:space>
    <cmdty:id>EUR</cmdty:id>
  </trn:currency>
  <trn:date-posted>
    <ts:date>2024-07-27 10:50:00 +0000</ts:date>
  </trn:date-posted>
  <trn:date-entered>
    <ts:date>2024-09-15 15:53:00 +0000</ts:date>
  </trn:date-entered>
  <trn:description>Anfangsbestand</trn:description>
  <trn:slots>
    <slot>
      <slot:key>date-posted</slot:key>
      <slot:value type="gdate">
        <gdate>2024-07-27</gdate>
      </slot:value>
    </slot>
  </trn:slots>
  <trn:splits>
    <trn:split>
      <split:id type="guid">f2541c4d7ab346f0945317a800c805c4</split:id>
      <split:reconciled-state>n</split:reconciled-state>
      <split:value>-675/100</split:value>
      <split:quantity>-675/100</split:quantity>
      <split:account type="guid">b6d1bee49d4a4b3db778d5ccaa88260c</split:account>
</trn:split>
<trn:split>
      <split:id type="guid">c8dc36935bd84b94a2cd65cdbfb2395f</split:id>
      <split:reconciled-state>n</split:reconciled-state>
      <split:value>675/100</split:value>
      <split:quantity>675/100</split:quantity>
      <split:account type="guid">a407a639325647358d22326700816fc6</split:account>
</trn:split>
</trn:splits>
</gnc:transaction>
<gnc:transaction version="2.0.0">
  <trn:id type="guid">c06d3191f9474b9a98ee86f5a62eaf6f</trn:id>
  <trn:currency>
    <cmdty:space>CURRENCY</cmdty:space>
    <cmdty:id>EUR</cmdty:id>
  </trn:currency>
  <trn:date-posted>
    <ts:date>2024-07-27 10:50:00 +0000</ts:date>
  </trn:date-posted>
  <trn:date-entered>
    <ts:date>2024-09-15 15:53:00 +0000</ts:date>
  </trn:date-entered>
  <trn:description>Anfangsbestand</trn:description>
  <trn:slots>
    <slot>
      <slot:key>date-posted</slot:key>
      <slot:value type="gdate">
        <gdate>2024-07-27</gdate>
      </slot:value>
    </slot>
  </trn:slots>
  <trn:splits>
    <trn:split>
      <split:id type="guid">ba8af5fe42af45e79340a38999723ce5</split:id>
      <split:reconciled-state>n</split:reconciled-state>
      <split:value>-2599/100</split:value>
      <split:quantity>-2599/100</split:quantity>
      <split:account type="guid">84474bb31d044e57895e39c06698b285</split:account>
</trn:split>
<trn:split>
      <split:id type="guid">5a9e268f01fa490a9505ba1959895556</split:id>
      <split:reconciled-state>n</split:reconciled-state>
      <split:value>2599/100</split:value>
      <split:quantity>2599/100</split:quantity>
      <split:account type="guid">a407a639325647358d22326700816fc6</split:account>
</trn:split>
</trn:splits>
</gnc:transaction>
<gnc:transaction version="2.0.0">
  <trn:id type="guid">28b71bd17267497290f188407d0bcb9e</trn:id>
  <trn:currency>
    <cmdty:space>CURRENCY</cmdty:space>
    <cmdty:id>EUR</cmdty:id>
  </trn:currency>
  <trn:date-posted>
    <ts:date>2024-07-27 10:50:00 +0000</ts:date>
  </trn:date-posted>
  <trn:date-entered>
    <ts:date>2024-09-15 15:53:00 +0000</ts:date>
  </trn:date-entered>
  <trn:description>Anfangsbestand</trn:description>
  <trn:slots>
    <slot>
      <slot:key>date-posted</slot:key>
      <slot:value type="gdate">
        <gdate>2024-07-27</gdate>
      </slot:value>
    </slot>
  </trn:slots>
  <trn:splits>
    <trn:split>
      <split:id type="guid">e46539c379cf428fb28a5ad698581ccb</split:id>
      <split:reconciled-state>n</split:reconciled-state>
      <split:value>-9551/100</split:value>
      <split:quantity>-9551/100</split:quantity>
      <split:account type="guid">0f80a82f644249888db0b4f3b33fc900</split:account>
</trn:split>
<trn:split>
      <split:id type="guid">c90a2d7554b3405a9fbb946d72d80ae7</split:id>
      <split:reconciled-state>n</split:reconciled-state>
      <split:value>9551/100</split:value>
      <split:quantity>9551/100</split:quantity>
      <split:account type="guid">a407a639325647358d22326700816fc6</split:account>
</trn:split>
</trn:splits>
</gnc:transaction>
<gnc:transaction version="2.0.0">
  <trn:id type="guid">17be48e8628147ba8cd412bad15ec1b1</trn:id>
  <trn:currency>
    <cmdty:space>CURRENCY</cmdty:space>
    <cmdty:id>EUR</cmdty:id>
  </trn:currency>
  <trn:date-posted>
    <ts:date>2024-07-27 10:50:00 +0000</ts:date>
  </trn:date-posted>
  <trn:date-entered>
    <ts:date>2024-09-15 15:53:00 +0000</ts:date>
  </trn:date-entered>
  <trn:description>Anfangsbestand</trn:description>
  <trn:slots>
    <slot>
      <slot:key>date-posted</slot:key>
      <slot:value type="gdate">
        <gdate>2024-07-27</gdate>
      </slot:value>
    </slot>
  </trn:slots>
  <trn:splits>
    <trn:split>
      <split:id type="guid">b1ebe6d5c8de4b04b050d58219156717</split:id>
      <split:reconciled-state>n</split:reconciled-state>
      <split:value>-10302/100</split:value>
      <split:quantity>-10302/100</split:quantity>
      <split:account type="guid">ec5b843f2003470fa9ac9fe8ce9596a1</split:account>
</trn:split>
<trn:split>
      <split:id type="guid">aef6b98fb1a6410b97c9c7e48d09ca99</split:id>
      <split:reconciled-state>n</split:reconciled-state>
      <split:value>10302/100</split:value>
      <split:quantity>10302/100</split:quantity>
      <split:account type="guid">a407a639325647358d22326700816fc6</split:account>
</trn:split>
</trn:splits>
</gnc:transaction>
<gnc:transaction version="2.0.0">
  <trn:id type="guid">00505ad9a3244b8ca073fb77666d35c9</trn:id>
  <trn:currency>
    <cmdty:space>CURRENCY</cmdty:space>
    <cmdty:id>EUR</cmdty:id>
  </trn:currency>
  <trn:date-posted>
    <ts:date>2024-07-27 10:50:00 +0000</ts:date>
  </trn:date-posted>
  <trn:date-entered>
    <ts:date>2024-09-15 15:53:00 +0000</ts:date>
  </trn:date-entered>
  <trn:description>Anfangsbestand</trn:description>
  <trn:slots>
    <slot>
      <slot:key>date-posted</slot:key>
      <slot:value type="gdate">
        <gdate>2024-07-27</gdate>
      </slot:value>
    </slot>
  </trn:slots>
  <trn:splits>
    <trn:split>
      <split:id type="guid">12210629a8f24cdda7f9a1699a5bd001</split:id>
      <split:reconciled-state>n</split:reconciled-state>
      <split:value>-3391/100</split:value>
      <split:quantity>-3391/100</split:quantity>
      <split:account type="guid">3ccc6caacfec4a548a95e006d00cca87</split:account>
</trn:split>
<trn:split>
      <split:id type="guid">b0bb07ba104f4fe58bb7bedf2d0ec19a</split:id>
      <split:reconciled-state>n</split:reconciled-state>
      <split:value>3391/100</split:value>
      <split:quantity>3391/100</split:quantity>
      <split:account type="guid">a407a639325647358d22326700816fc6</split:account>
</trn:split>
</trn:splits>
</gnc:transaction>
<gnc:transaction version="2.0.0">
  <trn:id type="guid">63e0d42104304f26bd52a5d70e9fab2d</trn:id>
  <trn:currency>
    <cmdty:space>CURRENCY</cmdty:space>
    <cmdty:id>EUR</cmdty:id>
  </trn:currency>
  <trn:date-posted>
    <ts:date>2024-07-27 10:50:00 +0000</ts:date>
  </trn:date-posted>
  <trn:date-entered>
    <ts:date>2024-09-15 15:53:00 +0000</ts:date>
  </trn:date-entered>
  <trn:description>Anfangsbestand</trn:description>
  <trn:slots>
    <slot>
      <slot:key>date-posted</slot:key>
      <slot:value type="gdate">
        <gdate>2024-07-27</gdate>
      </slot:value>
    </slot>
  </trn:slots>
  <trn:splits>
    <trn:split>
      <split:id type="guid">5de40e189c0342fe87c237a7ad57a414</split:id>
      <split:reconciled-state>n</split:reconciled-state>
      <split:value>-17699/100</split:value>
      <split:quantity>-17699/100</split:quantity>
      <split:account type="guid">34c58a8b806543d19fd787a94b482263</split:account>
</trn:split>
<trn:split>
      <split:id type="guid">27a13c273070413883533dc23ea6e1b3</split:id>
      <split:reconciled-state>n</split:reconciled-state>
      <split:value>17699/100</split:value>
      <split:quantity>17699/100</split:quantity>
      <split:account type="guid">a407a639325647358d22326700816fc6</split:account>
</trn:split>
</trn:splits>
</gnc:transaction>
<gnc:transaction version="2.0.0">
  <trn:id type="guid">511f4ed708e146ffb71880e4107d240f</trn:id>
  <trn:currency>
    <cmdty:space>CURRENCY</cmdty:space>
    <cmdty:id>EUR</cmdty:id>
  </trn:currency>
  <trn:date-posted>
    <ts:date>2024-07-27 10:50:00 +0000</ts:date>
  </trn:date-posted>
  <trn:date-entered>
    <ts:date>2024-09-15 15:53:00 +0000</ts:date>
  </trn:date-entered>
  <trn:description>Anfangsbestand</trn:description>
  <trn:slots>
    <slot>
      <slot:key>date-posted</slot:key>
      <slot:value type="gdate">
        <gdate>2024-07-27</gdate>
      </slot:value>
    </slot>
  </trn:slots>
  <trn:splits>
    <trn:split>
      <split:id type="guid">8781b2564d9c4c6791fe72a2e77389a6</split:id>
      <split:reconciled-state>n</split:reconciled-state>
      <split:value>-5609/100</split:value>
      <split:quantity>-5609/100</split:quantity>
      <split:account type="guid">82ea050b05574247b346fae3c6effe6f</split:account>
</trn:split>
<trn:split>
      <split:id type="guid">01746e472336463193ec13b9d8ea0ea3</split:id>
      <split:reconciled-state>n</split:reconciled-state>
      <split:value>5609/100</split:value>
      <split:quantity>5609/100</split:quantity>
      <split:account type="guid">a407a639325647358d22326700816fc6</split:account>
</trn:split>
</trn:splits>
</gnc:transaction>
<gnc:transaction version="2.0.0">
  <trn:id type="guid">2e8323dfdcdd4b17af4d25c8d1d5c946</trn:id>
  <trn:currency>
    <cmdty:space>CURRENCY</cmdty:space>
    <cmdty:id>EUR</cmdty:id>
  </trn:currency>
  <trn:date-posted>
    <ts:date>2024-07-27 10:50:00 +0000</ts:date>
  </trn:date-posted>
  <trn:date-entered>
    <ts:date>2024-09-15 15:53:00 +0000</ts:date>
  </trn:date-entered>
  <trn:description>Anfangsbestand</trn:description>
  <trn:slots>
    <slot>
      <slot:key>date-posted</slot:key>
      <slot:value type="gdate">
        <gdate>2024-07-27</gdate>
      </slot:value>
    </slot>
  </trn:slots>
  <trn:splits>
    <trn:split>
      <split:id type="guid">9f0a09dc84fe430baf0eb49bb8547752</split:id>
      <split:reconciled-state>n</split:reconciled-state>
      <split:value>-1250/100</split:value>
      <split:quantity>-1250/100</split:quantity>
      <split:account type="guid">6cfe2d3cd5a14567b72aaeda40cb37c0</split:account>
</trn:split>
<trn:split>
      <split:id type="guid">3bb1866567ba427388ce089d80d58b0e</split:id>
      <split:reconciled-state>n</split:reconciled-state>
      <split:value>1250/100</split:value>
      <split:quantity>1250/100</split:quantity>
      <split:account type="guid">a407a639325647358d22326700816fc6</split:account>
</trn:split>
</trn:splits>
</gnc:transaction>
<gnc:transaction version="2.0.0">
  <trn:id type="guid">769ed42ed45d4391aca630c9aa999cff</trn:id>
  <trn:currency>
    <cmdty:space>CURRENCY</cmdty:space>
    <cmdty:id>EUR</cmdty:id>
  </trn:currency>
  <trn:date-posted>
    <ts:date>2024-07-27 10:50:00 +0000</ts:date>
  </trn:date-posted>
  <trn:date-entered>
    <ts:date>2024-09-15 15:53:00 +0000</ts:date>
  </trn:date-entered>
  <trn:description>Anfangsbestand</trn:description>
  <trn:slots>
    <slot>
      <slot:key>date-posted</slot:key>
      <slot:value type="gdate">
        <gdate>2024-07-27</gdate>
      </slot:value>
    </slot>
  </trn:slots>
  <trn:splits>
    <trn:split>
      <split:id type="guid">25bcf6eeec354604be336e84b5c8d567</split:id>
      <split:reconciled-state>n</split:reconciled-state>
      <split:value>-39450/100</split:value>
      <split:quantity>-39450/100</split:quantity>
      <split:account type="guid">7b8f0e6307ad4448879bfe6f3158dd65</split:account>
</trn:split>
<trn:split>
      <split:id type="guid">b2a99e7f521948ab966372737a528e3d</split:id>
      <split:reconciled-state>n</split:reconciled-state>
      <split:value>39450/100</split:value>
      <split:quantity>39450/100</split:quantity>
      <split:account type="guid">a407a639325647358d22326700816fc6</split:account>
</trn:split>
</trn:splits>
</gnc:transaction>
<gnc:transaction version="2.0.0">
  <trn:id type="guid">02d499eac913489ca36a93a963175fda</trn:id>
  <trn:currency>
    <cmdty:space>CURRENCY</cmdty:space>
    <cmdty:id>EUR</cmdty:id>
  </trn:currency>
  <trn:date-posted>
    <ts:date>2024-07-27 10:50:00 +0000</ts:date>
  </trn:date-posted>
  <trn:date-entered>
    <ts:date>2024-09-15 15:53:00 +0000</ts:date>
  </trn:date-entered>
  <trn:description>Anfangsbestand</trn:description>
  <trn:slots>
    <slot>
      <slot:key>date-posted</slot:key>
      <slot:value type="gdate">
        <gdate>2024-07-27</gdate>
      </slot:value>
    </slot>
  </trn:slots>
  <trn:splits>
    <trn:split>
      <split:id type="guid">3ca7cefcce6c4b41bf43762c8645d0b0</split:id>
      <split:reconciled-state>n</split:reconciled-state>
      <split:value>-4055/100</split:value>
      <split:quantity>-4055/100</split:quantity>
      <split:account type="guid">0bed0c5fde7a4d75990e893437b6886a</split:account>
</trn:split>
<trn:split>
      <split:id type="guid">5b25cc1fcdbb4d65872635ce36f32fda</split:id>
      <split:reconciled-state>n</split:reconciled-state>
      <split:value>4055/100</split:value>
      <split:quantity>4055/100</split:quantity>
      <split:account type="guid">a407a639325647358d22326700816fc6</split:account>
</trn:split>
</trn:splits>
</gnc:transaction>
<gnc:transaction version="2.0.0">
  <trn:id type="guid">a831b2ec4a804069a460fe1a739bdafa</trn:id>
  <trn:currency>
    <cmdty:space>CURRENCY</cmdty:space>
    <cmdty:id>EUR</cmdty:id>
  </trn:currency>
  <trn:date-posted>
    <ts:date>2024-07-27 10:50:00 +0000</ts:date>
  </trn:date-posted>
  <trn:date-entered>
    <ts:date>2024-09-15 15:53:00 +0000</ts:date>
  </trn:date-entered>
  <trn:description>Anfangsbestand</trn:description>
  <trn:slots>
    <slot>
      <slot:key>date-posted</slot:key>
      <slot:value type="gdate">
        <gdate>2024-07-27</gdate>
      </slot:value>
    </slot>
  </trn:slots>
  <trn:splits>
    <trn:split>
      <split:id type="guid">28e38402fa82412fb73953d7a1296551</split:id>
      <split:reconciled-state>n</split:reconciled-state>
      <split:value>-2831/100</split:value>
      <split:quantity>-2831/100</split:quantity>
      <split:account type="guid">846f09309e0d472b8adb9027fabbad8f</split:account>
</trn:split>
<trn:split>
      <split:id type="guid">f3a177e1021a4446bef79e596e1359a8</split:id>
      <split:reconciled-state>n</split:reconciled-state>
      <split:value>2831/100</split:value>
      <split:quantity>2831/100</split:quantity>
      <split:account type="guid">a407a639325647358d22326700816fc6</split:account>
</trn:split>
</trn:splits>
</gnc:transaction>
<gnc:transaction version="2.0.0">
  <trn:id type="guid">9f1bb676b57c45fcb18eb34053dad084</trn:id>
  <trn:currency>
    <cmdty:space>CURRENCY</cmdty:space>
    <cmdty:id>EUR</cmdty:id>
  </trn:currency>
  <trn:date-posted>
    <ts:date>2024-07-27 10:50:00 +0000</ts:date>
  </trn:date-posted>
  <trn:date-entered>
    <ts:date>2024-09-15 15:53:00 +0000</ts:date>
  </trn:date-entered>
  <trn:description>Anfangsbestand</trn:description>
  <trn:slots>
    <slot>
      <slot:key>date-posted</slot:key>
      <slot:value type="gdate">
        <gdate>2024-07-27</gdate>
      </slot:value>
    </slot>
  </trn:slots>
  <trn:splits>
    <trn:split>
      <split:id type="guid">d427402a21ac4863bbd23b47880ebf45</split:id>
      <split:reconciled-state>n</split:reconciled-state>
      <split:value>-106645/100</split:value>
      <split:quantity>-106645/100</split:quantity>
      <split:account type="guid">b98fa7c0d26148dbac98c95ddd4aa979</split:account>
</trn:split>
<trn:split>
      <split:id type="guid">41d7e8689ea143f38a6559d3eada3b13</split:id>
      <split:reconciled-state>n</split:reconciled-state>
      <split:value>106645/100</split:value>
      <split:quantity>106645/100</split:quantity>
      <split:account type="guid">a407a639325647358d22326700816fc6</split:account>
</trn:split>
</trn:splits>
</gnc:transaction>
<gnc:transaction version="2.0.0">
  <trn:id type="guid">a1c6028ba53b409c858c6ab91454e973</trn:id>
  <trn:currency>
    <cmdty:space>CURRENCY</cmdty:space>
    <cmdty:id>EUR</cmdty:id>
  </trn:currency>
  <trn:date-posted>
    <ts:date>2024-07-27 10:50:00 +0000</ts:date>
  </trn:date-posted>
  <trn:date-entered>
    <ts:date>2024-09-15 15:53:00 +0000</ts:date>
  </trn:date-entered>
  <trn:description>Anfangsbestand</trn:description>
  <trn:slots>
    <slot>
      <slot:key>date-posted</slot:key>
      <slot:value type="gdate">
        <gdate>2024-07-27</gdate>
      </slot:value>
    </slot>
  </trn:slots>
  <trn:splits>
    <trn:split>
      <split:id type="guid">c3e81b47aa9e442ba7a7a6ce0ccdc35f</split:id>
      <split:reconciled-state>n</split:reconciled-state>
      <split:value>-14799/100</split:value>
      <split:quantity>-14799/100</split:quantity>
      <split:account type="guid">425cf0cd2c244ba1adc3d70e0d38b9f3</split:account>
</trn:split>
<trn:split>
      <split:id type="guid">8ba863d740f242699a8f8c434ac13ceb</split:id>
      <split:reconciled-state>n</split:reconciled-state>
      <split:value>14799/100</split:value>
      <split:quantity>14799/100</split:quantity>
      <split:account type="guid">a407a639325647358d22326700816fc6</split:account>
</trn:split>
</trn:splits>
</gnc:transaction>
