<gnc:transaction version="2.0.0">
  <trn:id type="guid">e5e9cd0a8a0543db8fbba7b427221309</trn:id>
  <trn:currency>
    <cmdty:space>CURRENCY</cmdty:space>
    <cmdty:id>EUR</cmdty:id>
  </trn:currency>
  <trn:date-posted>
    <ts:date>2024-07-27 10:50:00 +0000</ts:date>
  </trn:date-posted>
  <trn:date-entered>
    <ts:date>2024-09-18 17:00:00 +0000</ts:date>
  </trn:date-entered>
  <trn:description>Anfangsbestand</trn:description>
  <trn:slots>
    <slot>
      <slot:key>date-posted</slot:key>
      <slot:value type="gdate">
        <gdate>2024-07-27</gdate>
      </slot:value>
    </slot>
  </trn:slots>
  <trn:splits>
    <trn:split>
      <split:id type="guid">6ce32eddc12c40578c9ea50b90e014c0</split:id>
      <split:reconciled-state>n</split:reconciled-state>
      <split:value>303502/100</split:value>
      <split:quantity>303502/100</split:quantity>
      <split:account type="guid">8ae1088a26474946aecc715117ab643e</split:account>
</trn:split>
<trn:split>
      <split:id type="guid">643f50b1684b439481f1f9fe6283c422</split:id>
      <split:reconciled-state>n</split:reconciled-state>
      <split:value>-303502/100</split:value>
      <split:quantity>-303502/100</split:quantity>
      <split:account type="guid">a407a639325647358d22326700816fc6</split:account>
</trn:split>
</trn:splits>
</gnc:transaction>
<gnc:transaction version="2.0.0">
  <trn:id type="guid">7c110a74c82947f7918b8d5f0e0ad8fa</trn:id>
  <trn:currency>
    <cmdty:space>CURRENCY</cmdty:space>
    <cmdty:id>EUR</cmdty:id>
  </trn:currency>
  <trn:date-posted>
    <ts:date>2024-07-27 10:50:00 +0000</ts:date>
  </trn:date-posted>
  <trn:date-entered>
    <ts:date>2024-09-18 17:00:00 +0000</ts:date>
  </trn:date-entered>
  <trn:description>Anfangsbestand</trn:description>
  <trn:slots>
    <slot>
      <slot:key>date-posted</slot:key>
      <slot:value type="gdate">
        <gdate>2024-07-27</gdate>
      </slot:value>
    </slot>
  </trn:slots>
  <trn:splits>
    <trn:split>
      <split:id type="guid">ffb1f0bc440644c095472263ee4da47d</split:id>
      <split:reconciled-state>n</split:reconciled-state>
      <split:value>137932/100</split:value>
      <split:quantity>137932/100</split:quantity>
      <split:account type="guid">5083dd52a7cf4cc39aae3d253010e116</split:account>
</trn:split>
<trn:split>
      <split:id type="guid">6b236dd4ba264528a7028c0d1ca7eff1</split:id>
      <split:reconciled-state>n</split:reconciled-state>
      <split:value>-137932/100</split:value>
      <split:quantity>-137932/100</split:quantity>
      <split:account type="guid">a407a639325647358d22326700816fc6</split:account>
</trn:split>
</trn:splits>
</gnc:transaction>
<gnc:transaction version="2.0.0">
  <trn:id type="guid">472e011f1e2e461ab06684af4b783815</trn:id>
  <trn:currency>
    <cmdty:space>CURRENCY</cmdty:space>
    <cmdty:id>EUR</cmdty:id>
  </trn:currency>
  <trn:date-posted>
    <ts:date>2024-07-27 10:50:00 +0000</ts:date>
  </trn:date-posted>
  <trn:date-entered>
    <ts:date>2024-09-18 17:00:00 +0000</ts:date>
  </trn:date-entered>
  <trn:description>Anfangsbestand</trn:description>
  <trn:slots>
    <slot>
      <slot:key>date-posted</slot:key>
      <slot:value type="gdate">
        <gdate>2024-07-27</gdate>
      </slot:value>
    </slot>
  </trn:slots>
  <trn:splits>
    <trn:split>
      <split:id type="guid">7ad6793ae7094678a02d61ca223f60b8</split:id>
      <split:reconciled-state>n</split:reconciled-state>
      <split:value>8800/100</split:value>
      <split:quantity>8800/100</split:quantity>
      <split:account type="guid">c461895a6d8546a2854077f5e922f83e</split:account>
</trn:split>
<trn:split>
      <split:id type="guid">b28d837e63b34e93983c56ad179b0bed</split:id>
      <split:reconciled-state>n</split:reconciled-state>
      <split:value>-8800/100</split:value>
      <split:quantity>-8800/100</split:quantity>
      <split:account type="guid">a407a639325647358d22326700816fc6</split:account>
</trn:split>
</trn:splits>
</gnc:transaction>
<gnc:transaction version="2.0.0">
  <trn:id type="guid">d66fca66f8a947fca3af05a9a520606f</trn:id>
  <trn:currency>
    <cmdty:space>CURRENCY</cmdty:space>
    <cmdty:id>EUR</cmdty:id>
  </trn:currency>
  <trn:date-posted>
    <ts:date>2024-07-27 10:50:00 +0000</ts:date>
  </trn:date-posted>
  <trn:date-entered>
    <ts:date>2024-09-18 17:00:00 +0000</ts:date>
  </trn:date-entered>
  <trn:description>Anfangsbestand</trn:description>
  <trn:slots>
    <slot>
      <slot:key>date-posted</slot:key>
      <slot:value type="gdate">
        <gdate>2024-07-27</gdate>
      </slot:value>
    </slot>
  </trn:slots>
  <trn:splits>
    <trn:split>
      <split:id type="guid">1a0e620630e54fa2983e438da09315ca</split:id>
      <split:reconciled-state>n</split:reconciled-state>
      <split:value>73740/100</split:value>
      <split:quantity>73740/100</split:quantity>
      <split:account type="guid">e9364f389d584a4db8b98b63d7a06e26</split:account>
</trn:split>
<trn:split>
      <split:id type="guid">eabdc98c93904636bee57af8b451e9a6</split:id>
      <split:reconciled-state>n</split:reconciled-state>
      <split:value>-73740/100</split:value>
      <split:quantity>-73740/100</split:quantity>
      <split:account type="guid">a407a639325647358d22326700816fc6</split:account>
</trn:split>
</trn:splits>
</gnc:transaction>
<gnc:transaction version="2.0.0">
  <trn:id type="guid">5effde48e4e5445c94158986cea3305d</trn:id>
  <trn:currency>
    <cmdty:space>CURRENCY</cmdty:space>
    <cmdty:id>EUR</cmdty:id>
  </trn:currency>
  <trn:date-posted>
    <ts:date>2024-07-27 10:50:00 +0000</ts:date>
  </trn:date-posted>
  <trn:date-entered>
    <ts:date>2024-09-18 17:00:00 +0000</ts:date>
  </trn:date-entered>
  <trn:description>Anfangsbestand</trn:description>
  <trn:slots>
    <slot>
      <slot:key>date-posted</slot:key>
      <slot:value type="gdate">
        <gdate>2024-07-27</gdate>
      </slot:value>
    </slot>
  </trn:slots>
  <trn:splits>
    <trn:split>
      <split:id type="guid">7cc8a2cde2f84ff1ad9072f3ee0ed4f3</split:id>
      <split:reconciled-state>n</split:reconciled-state>
      <split:value>43044/100</split:value>
      <split:quantity>43044/100</split:quantity>
      <split:account type="guid">c8613378f80d4bc8b4db574570ac5cee</split:account>
</trn:split>
<trn:split>
      <split:id type="guid">68a4e22ee351467ca881f1d2412101d7</split:id>
      <split:reconciled-state>n</split:reconciled-state>
      <split:value>-43044/100</split:value>
      <split:quantity>-43044/100</split:quantity>
      <split:account type="guid">a407a639325647358d22326700816fc6</split:account>
</trn:split>
</trn:splits>
</gnc:transaction>
<gnc:transaction version="2.0.0">
  <trn:id type="guid">d6efd754c60c43029c94c582012d2949</trn:id>
  <trn:currency>
    <cmdty:space>CURRENCY</cmdty:space>
    <cmdty:id>EUR</cmdty:id>
  </trn:currency>
  <trn:date-posted>
    <ts:date>2024-07-27 10:50:00 +0000</ts:date>
  </trn:date-posted>
  <trn:date-entered>
    <ts:date>2024-09-18 17:00:00 +0000</ts:date>
  </trn:date-entered>
  <trn:description>Anfangsbestand</trn:description>
  <trn:slots>
    <slot>
      <slot:key>date-posted</slot:key>
      <slot:value type="gdate">
        <gdate>2024-07-27</gdate>
      </slot:value>
    </slot>
  </trn:slots>
  <trn:splits>
    <trn:split>
      <split:id type="guid">ef43665d4c5542848e1e89de473bbd74</split:id>
      <split:reconciled-state>n</split:reconciled-state>
      <split:value>70441/100</split:value>
      <split:quantity>70441/100</split:quantity>
      <split:account type="guid">19dd92b777904fa299ada1f45861de9a</split:account>
</trn:split>
<trn:split>
      <split:id type="guid">7fccf286c5244eb2bac7af1ac4ba84cc</split:id>
      <split:reconciled-state>n</split:reconciled-state>
      <split:value>-70441/100</split:value>
      <split:quantity>-70441/100</split:quantity>
      <split:account type="guid">a407a639325647358d22326700816fc6</split:account>
</trn:split>
</trn:splits>
</gnc:transaction>
<gnc:transaction version="2.0.0">
  <trn:id type="guid">fc4ac04fca954e309d3c611285d303d2</trn:id>
  <trn:currency>
    <cmdty:space>CURRENCY</cmdty:space>
    <cmdty:id>EUR</cmdty:id>
  </trn:currency>
  <trn:date-posted>
    <ts:date>2024-07-27 10:50:00 +0000</ts:date>
  </trn:date-posted>
  <trn:date-entered>
    <ts:date>2024-09-18 17:00:00 +0000</ts:date>
  </trn:date-entered>
  <trn:description>Anfangsbestand</trn:description>
  <trn:slots>
    <slot>
      <slot:key>date-posted</slot:key>
      <slot:value type="gdate">
        <gdate>2024-07-27</gdate>
      </slot:value>
    </slot>
  </trn:slots>
  <trn:splits>
    <trn:split>
      <split:id type="guid">4c47c3ecd8aa409cb23f5052a075df59</split:id>
      <split:reconciled-state>n</split:reconciled-state>
      <split:value>296333/100</split:value>
      <split:quantity>296333/100</split:quantity>
      <split:account type="guid">d0fb1b54831947bfafceba601e2528a3</split:account>
</trn:split>
<trn:split>
      <split:id type="guid">efd81f1a8e8a403a8960f2cb246bb554</split:id>
      <split:reconciled-state>n</split:reconciled-state>
      <split:value>-296333/100</split:value>
      <split:quantity>-296333/100</split:quantity>
      <split:account type="guid">a407a639325647358d22326700816fc6</split:account>
</trn:split>
</trn:splits>
</gnc:transaction>
<gnc:transaction version="2.0.0">
  <trn:id type="guid">7d7c90a5fd2b43a8a104af1d707e577f</trn:id>
  <trn:currency>
    <cmdty:space>CURRENCY</cmdty:space>
    <cmdty:id>EUR</cmdty:id>
  </trn:currency>
  <trn:date-posted>
    <ts:date>2024-07-27 10:50:00 +0000</ts:date>
  </trn:date-posted>
  <trn:date-entered>
    <ts:date>2024-09-18 17:00:00 +0000</ts:date>
  </trn:date-entered>
  <trn:description>Anfangsbestand</trn:description>
  <trn:slots>
    <slot>
      <slot:key>date-posted</slot:key>
      <slot:value type="gdate">
        <gdate>2024-07-27</gdate>
      </slot:value>
    </slot>
  </trn:slots>
  <trn:splits>
    <trn:split>
      <split:id type="guid">286f6b72a45c4906b65c0277b423b24b</split:id>
      <split:reconciled-state>n</split:reconciled-state>
      <split:value>63034/100</split:value>
      <split:quantity>63034/100</split:quantity>
      <split:account type="guid">ab6c494c576841bd80d025eac50efcbf</split:account>
</trn:split>
<trn:split>
      <split:id type="guid">84480cf25dfb4ba3a420ce96126dc1d1</split:id>
      <split:reconciled-state>n</split:reconciled-state>
      <split:value>-63034/100</split:value>
      <split:quantity>-63034/100</split:quantity>
      <split:account type="guid">a407a639325647358d22326700816fc6</split:account>
</trn:split>
</trn:splits>
</gnc:transaction>
<gnc:transaction version="2.0.0">
  <trn:id type="guid">629d162fa02d491e934bd9219c6456b4</trn:id>
  <trn:currency>
    <cmdty:space>CURRENCY</cmdty:space>
    <cmdty:id>EUR</cmdty:id>
  </trn:currency>
  <trn:date-posted>
    <ts:date>2024-07-27 10:50:00 +0000</ts:date>
  </trn:date-posted>
  <trn:date-entered>
    <ts:date>2024-09-18 17:00:00 +0000</ts:date>
  </trn:date-entered>
  <trn:description>Anfangsbestand</trn:description>
  <trn:slots>
    <slot>
      <slot:key>date-posted</slot:key>
      <slot:value type="gdate">
        <gdate>2024-07-27</gdate>
      </slot:value>
    </slot>
  </trn:slots>
  <trn:splits>
    <trn:split>
      <split:id type="guid">698444da26cd4261baa4c47a7feb89ef</split:id>
      <split:reconciled-state>n</split:reconciled-state>
      <split:value>-2169/100</split:value>
      <split:quantity>-2169/100</split:quantity>
      <split:account type="guid">6a9e0d3c0bde4306af59421b91412355</split:account>
</trn:split>
<trn:split>
      <split:id type="guid">e79c22de522c41328110425a78609c6d</split:id>
      <split:reconciled-state>n</split:reconciled-state>
      <split:value>2169/100</split:value>
      <split:quantity>2169/100</split:quantity>
      <split:account type="guid">a407a639325647358d22326700816fc6</split:account>
</trn:split>
</trn:splits>
</gnc:transaction>
<gnc:transaction version="2.0.0">
  <trn:id type="guid">585cf332c8f746fea8a441e0282a9f6f</trn:id>
  <trn:currency>
    <cmdty:space>CURRENCY</cmdty:space>
    <cmdty:id>EUR</cmdty:id>
  </trn:currency>
  <trn:date-posted>
    <ts:date>2024-07-27 10:50:00 +0000</ts:date>
  </trn:date-posted>
  <trn:date-entered>
    <ts:date>2024-09-18 17:00:00 +0000</ts:date>
  </trn:date-entered>
  <trn:description>Anfangsbestand</trn:description>
  <trn:slots>
    <slot>
      <slot:key>date-posted</slot:key>
      <slot:value type="gdate">
        <gdate>2024-07-27</gdate>
      </slot:value>
    </slot>
  </trn:slots>
  <trn:splits>
    <trn:split>
      <split:id type="guid">6f9cd97f6ef64c388adec5cd28185ece</split:id>
      <split:reconciled-state>n</split:reconciled-state>
      <split:value>4322/100</split:value>
      <split:quantity>4322/100</split:quantity>
      <split:account type="guid">41277414c18a45f393ca47fe54c9fc1f</split:account>
</trn:split>
<trn:split>
      <split:id type="guid">9116cbecd6b24d7cac91e6b9cb834001</split:id>
      <split:reconciled-state>n</split:reconciled-state>
      <split:value>-4322/100</split:value>
      <split:quantity>-4322/100</split:quantity>
      <split:account type="guid">a407a639325647358d22326700816fc6</split:account>
</trn:split>
</trn:splits>
</gnc:transaction>
<gnc:transaction version="2.0.0">
  <trn:id type="guid">f9eafa3fc92a42ef8d73479c5d84828e</trn:id>
  <trn:currency>
    <cmdty:space>CURRENCY</cmdty:space>
    <cmdty:id>EUR</cmdty:id>
  </trn:currency>
  <trn:date-posted>
    <ts:date>2024-07-27 10:50:00 +0000</ts:date>
  </trn:date-posted>
  <trn:date-entered>
    <ts:date>2024-09-18 17:00:00 +0000</ts:date>
  </trn:date-entered>
  <trn:description>Anfangsbestand</trn:description>
  <trn:slots>
    <slot>
      <slot:key>date-posted</slot:key>
      <slot:value type="gdate">
        <gdate>2024-07-27</gdate>
      </slot:value>
    </slot>
  </trn:slots>
  <trn:splits>
    <trn:split>
      <split:id type="guid">ce10755d375f453ab28b10991d0a709a</split:id>
      <split:reconciled-state>n</split:reconciled-state>
      <split:value>-3205/100</split:value>
      <split:quantity>-3205/100</split:quantity>
      <split:account type="guid">fc3eb4f00b25443aa69bfa3de69aada8</split:account>
</trn:split>
<trn:split>
      <split:id type="guid">eb2e39cb474e493aa6a6623743469889</split:id>
      <split:reconciled-state>n</split:reconciled-state>
      <split:value>3205/100</split:value>
      <split:quantity>3205/100</split:quantity>
      <split:account type="guid">a407a639325647358d22326700816fc6</split:account>
</trn:split>
</trn:splits>
</gnc:transaction>
<gnc:transaction version="2.0.0">
  <trn:id type="guid">0e86cd34ee2740daa6704196ee7c175a</trn:id>
  <trn:currency>
    <cmdty:space>CURRENCY</cmdty:space>
    <cmdty:id>EUR</cmdty:id>
  </trn:currency>
  <trn:date-posted>
    <ts:date>2024-07-27 10:50:00 +0000</ts:date>
  </trn:date-posted>
  <trn:date-entered>
    <ts:date>2024-09-18 17:00:00 +0000</ts:date>
  </trn:date-entered>
  <trn:description>Anfangsbestand</trn:description>
  <trn:slots>
    <slot>
      <slot:key>date-posted</slot:key>
      <slot:value type="gdate">
        <gdate>2024-07-27</gdate>
      </slot:value>
    </slot>
  </trn:slots>
  <trn:splits>
    <trn:split>
      <split:id type="guid">522bfa2f14be4d6784a82c8aa68eb969</split:id>
      <split:reconciled-state>n</split:reconciled-state>
      <split:value>-818/100</split:value>
      <split:quantity>-818/100</split:quantity>
      <split:account type="guid">f663bbf3727948d88936b6cd3eb7543f</split:account>
</trn:split>
<trn:split>
      <split:id type="guid">c414c8e70e7d4e70917d366a96abac1a</split:id>
      <split:reconciled-state>n</split:reconciled-state>
      <split:value>818/100</split:value>
      <split:quantity>818/100</split:quantity>
      <split:account type="guid">a407a639325647358d22326700816fc6</split:account>
</trn:split>
</trn:splits>
</gnc:transaction>
<gnc:transaction version="2.0.0">
  <trn:id type="guid">6e9741a693cf4faf9ffa67309873ba99</trn:id>
  <trn:currency>
    <cmdty:space>CURRENCY</cmdty:space>
    <cmdty:id>EUR</cmdty:id>
  </trn:currency>
  <trn:date-posted>
    <ts:date>2024-07-27 10:50:00 +0000</ts:date>
  </trn:date-posted>
  <trn:date-entered>
    <ts:date>2024-09-18 17:00:00 +0000</ts:date>
  </trn:date-entered>
  <trn:description>Anfangsbestand</trn:description>
  <trn:slots>
    <slot>
      <slot:key>date-posted</slot:key>
      <slot:value type="gdate">
        <gdate>2024-07-27</gdate>
      </slot:value>
    </slot>
  </trn:slots>
  <trn:splits>
    <trn:split>
      <split:id type="guid">92accb68cfb242d8830b03db52376b48</split:id>
      <split:reconciled-state>n</split:reconciled-state>
      <split:value>-1085/100</split:value>
      <split:quantity>-1085/100</split:quantity>
      <split:account type="guid">6b7a2b496fe84d0686e742d4af2b3454</split:account>
</trn:split>
<trn:split>
      <split:id type="guid">d19611c721844e0395ba3b2d6d523cd8</split:id>
      <split:reconciled-state>n</split:reconciled-state>
      <split:value>1085/100</split:value>
      <split:quantity>1085/100</split:quantity>
      <split:account type="guid">a407a639325647358d22326700816fc6</split:account>
</trn:split>
</trn:splits>
</gnc:transaction>
<gnc:transaction version="2.0.0">
  <trn:id type="guid">83bd54fdf63b4a5fa12b4aebb1346da6</trn:id>
  <trn:currency>
    <cmdty:space>CURRENCY</cmdty:space>
    <cmdty:id>EUR</cmdty:id>
  </trn:currency>
  <trn:date-posted>
    <ts:date>2024-07-27 10:50:00 +0000</ts:date>
  </trn:date-posted>
  <trn:date-entered>
    <ts:date>2024-09-18 17:00:00 +0000</ts:date>
  </trn:date-entered>
  <trn:description>Anfangsbestand</trn:description>
  <trn:slots>
    <slot>
      <slot:key>date-posted</slot:key>
      <slot:value type="gdate">
        <gdate>2024-07-27</gdate>
      </slot:value>
    </slot>
  </trn:slots>
  <trn:splits>
    <trn:split>
      <split:id type="guid">d4de2217e6d544beae99fa98a49e74f4</split:id>
      <split:reconciled-state>n</split:reconciled-state>
      <split:value>-157/100</split:value>
      <split:quantity>-157/100</split:quantity>
      <split:account type="guid">511609240aaa440798e6004b93f67c4a</split:account>
</trn:split>
<trn:split>
      <split:id type="guid">5b2e2bcd424f4c5998864711c008e463</split:id>
      <split:reconciled-state>n</split:reconciled-state>
      <split:value>157/100</split:value>
      <split:quantity>157/100</split:quantity>
      <split:account type="guid">a407a639325647358d22326700816fc6</split:account>
</trn:split>
</trn:splits>
</gnc:transaction>
<gnc:transaction version="2.0.0">
  <trn:id type="guid">927ab147e7054b4b956f954bdffd28bd</trn:id>
  <trn:currency>
    <cmdty:space>CURRENCY</cmdty:space>
    <cmdty:id>EUR</cmdty:id>
  </trn:currency>
  <trn:date-posted>
    <ts:date>2024-07-27 10:50:00 +0000</ts:date>
  </trn:date-posted>
  <trn:date-entered>
    <ts:date>2024-09-18 17:00:00 +0000</ts:date>
  </trn:date-entered>
  <trn:description>Anfangsbestand</trn:description>
  <trn:slots>
    <slot>
      <slot:key>date-posted</slot:key>
      <slot:value type="gdate">
        <gdate>2024-07-27</gdate>
      </slot:value>
    </slot>
  </trn:slots>
  <trn:splits>
    <trn:split>
      <split:id type="guid">68effecd69f94edcb3ab8625a5385d80</split:id>
      <split:reconciled-state>n</split:reconciled-state>
      <split:value>-4585/100</split:value>
      <split:quantity>-4585/100</split:quantity>
      <split:account type="guid">2b2b588151e94ac7ac551ab5ec933167</split:account>
</trn:split>
<trn:split>
      <split:id type="guid">847f4ade0efe407f9287e9f78cda8e75</split:id>
      <split:reconciled-state>n</split:reconciled-state>
      <split:value>4585/100</split:value>
      <split:quantity>4585/100</split:quantity>
      <split:account type="guid">a407a639325647358d22326700816fc6</split:account>
</trn:split>
</trn:splits>
</gnc:transaction>
<gnc:transaction version="2.0.0">
  <trn:id type="guid">7fd2ffc5b3254f529a056da2a8b3495d</trn:id>
  <trn:currency>
    <cmdty:space>CURRENCY</cmdty:space>
    <cmdty:id>EUR</cmdty:id>
  </trn:currency>
  <trn:date-posted>
    <ts:date>2024-07-27 10:50:00 +0000</ts:date>
  </trn:date-posted>
  <trn:date-entered>
    <ts:date>2024-09-18 17:00:00 +0000</ts:date>
  </trn:date-entered>
  <trn:description>Anfangsbestand</trn:description>
  <trn:slots>
    <slot>
      <slot:key>date-posted</slot:key>
      <slot:value type="gdate">
        <gdate>2024-07-27</gdate>
      </slot:value>
    </slot>
  </trn:slots>
  <trn:splits>
    <trn:split>
      <split:id type="guid">e698128fe77b431f976823827ef6ed37</split:id>
      <split:reconciled-state>n</split:reconciled-state>
      <split:value>-75/100</split:value>
      <split:quantity>-75/100</split:quantity>
      <split:account type="guid">273caa7febb44b319e793f9550360f7f</split:account>
</trn:split>
<trn:split>
      <split:id type="guid">60af7c978e7a47e4ae8172a11999bef3</split:id>
      <split:reconciled-state>n</split:reconciled-state>
      <split:value>75/100</split:value>
      <split:quantity>75/100</split:quantity>
      <split:account type="guid">a407a639325647358d22326700816fc6</split:account>
</trn:split>
</trn:splits>
</gnc:transaction>
<gnc:transaction version="2.0.0">
  <trn:id type="guid">667eeeb5acc14af384f40763165355b2</trn:id>
  <trn:currency>
    <cmdty:space>CURRENCY</cmdty:space>
    <cmdty:id>EUR</cmdty:id>
  </trn:currency>
  <trn:date-posted>
    <ts:date>2024-07-27 10:50:00 +0000</ts:date>
  </trn:date-posted>
  <trn:date-entered>
    <ts:date>2024-09-18 17:00:00 +0000</ts:date>
  </trn:date-entered>
  <trn:description>Anfangsbestand</trn:description>
  <trn:slots>
    <slot>
      <slot:key>date-posted</slot:key>
      <slot:value type="gdate">
        <gdate>2024-07-27</gdate>
      </slot:value>
    </slot>
  </trn:slots>
  <trn:splits>
    <trn:split>
      <split:id type="guid">566db67b7e9546428f39cb2d8ebfc339</split:id>
      <split:reconciled-state>n</split:reconciled-state>
      <split:value>-550/100</split:value>
      <split:quantity>-550/100</split:quantity>
      <split:account type="guid">de1feae029014d639cef63ceee853e2c</split:account>
</trn:split>
<trn:split>
      <split:id type="guid">8bee5cf79ad14532b461a8c9279ebea3</split:id>
      <split:reconciled-state>n</split:reconciled-state>
      <split:value>550/100</split:value>
      <split:quantity>550/100</split:quantity>
      <split:account type="guid">a407a639325647358d22326700816fc6</split:account>
</trn:split>
</trn:splits>
</gnc:transaction>
<gnc:transaction version="2.0.0">
  <trn:id type="guid">8df3a740c00d4d20bd8c846c5f147175</trn:id>
  <trn:currency>
    <cmdty:space>CURRENCY</cmdty:space>
    <cmdty:id>EUR</cmdty:id>
  </trn:currency>
  <trn:date-posted>
    <ts:date>2024-07-27 10:50:00 +0000</ts:date>
  </trn:date-posted>
  <trn:date-entered>
    <ts:date>2024-09-18 17:00:00 +0000</ts:date>
  </trn:date-entered>
  <trn:description>Anfangsbestand</trn:description>
  <trn:slots>
    <slot>
      <slot:key>date-posted</slot:key>
      <slot:value type="gdate">
        <gdate>2024-07-27</gdate>
      </slot:value>
    </slot>
  </trn:slots>
  <trn:splits>
    <trn:split>
      <split:id type="guid">c700f3df980744d19b23fb1829abcabd</split:id>
      <split:reconciled-state>n</split:reconciled-state>
      <split:value>-1425/100</split:value>
      <split:quantity>-1425/100</split:quantity>
      <split:account type="guid">378e721384e84b22b285f3e849b2c553</split:account>
</trn:split>
<trn:split>
      <split:id type="guid">ea65f77e6a1f487491cdaf2bb541f445</split:id>
      <split:reconciled-state>n</split:reconciled-state>
      <split:value>1425/100</split:value>
      <split:quantity>1425/100</split:quantity>
      <split:account type="guid">a407a639325647358d22326700816fc6</split:account>
</trn:split>
</trn:splits>
</gnc:transaction>
<gnc:transaction version="2.0.0">
  <trn:id type="guid">6f6bc4c5d9f640589a4e244d27dd8dd9</trn:id>
  <trn:currency>
    <cmdty:space>CURRENCY</cmdty:space>
    <cmdty:id>EUR</cmdty:id>
  </trn:currency>
  <trn:date-posted>
    <ts:date>2024-07-27 10:50:00 +0000</ts:date>
  </trn:date-posted>
  <trn:date-entered>
    <ts:date>2024-09-18 17:00:00 +0000</ts:date>
  </trn:date-entered>
  <trn:description>Anfangsbestand</trn:description>
  <trn:slots>
    <slot>
      <slot:key>date-posted</slot:key>
      <slot:value type="gdate">
        <gdate>2024-07-27</gdate>
      </slot:value>
    </slot>
  </trn:slots>
  <trn:splits>
    <trn:split>
      <split:id type="guid">dd592169e83243c1b64b66a1000d2651</split:id>
      <split:reconciled-state>n</split:reconciled-state>
      <split:value>-2900/100</split:value>
      <split:quantity>-2900/100</split:quantity>
      <split:account type="guid">3b2e71d57f6941e29b780725b0b4ff53</split:account>
</trn:split>
<trn:split>
      <split:id type="guid">d7f85fdcfa6b41079f44b3d136b43f08</split:id>
      <split:reconciled-state>n</split:reconciled-state>
      <split:value>2900/100</split:value>
      <split:quantity>2900/100</split:quantity>
      <split:account type="guid">a407a639325647358d22326700816fc6</split:account>
</trn:split>
</trn:splits>
</gnc:transaction>
<gnc:transaction version="2.0.0">
  <trn:id type="guid">d63ceb3fa3a14f828c69ff97c16214b3</trn:id>
  <trn:currency>
    <cmdty:space>CURRENCY</cmdty:space>
    <cmdty:id>EUR</cmdty:id>
  </trn:currency>
  <trn:date-posted>
    <ts:date>2024-07-27 10:50:00 +0000</ts:date>
  </trn:date-posted>
  <trn:date-entered>
    <ts:date>2024-09-18 17:00:00 +0000</ts:date>
  </trn:date-entered>
  <trn:description>Anfangsbestand</trn:description>
  <trn:slots>
    <slot>
      <slot:key>date-posted</slot:key>
      <slot:value type="gdate">
        <gdate>2024-07-27</gdate>
      </slot:value>
    </slot>
  </trn:slots>
  <trn:splits>
    <trn:split>
      <split:id type="guid">38a19488f22a4c73a7f5749f2067b54d</split:id>
      <split:reconciled-state>n</split:reconciled-state>
      <split:value>-1395/100</split:value>
      <split:quantity>-1395/100</split:quantity>
      <split:account type="guid">0462e7e21c7848e493cffe680de58974</split:account>
</trn:split>
<trn:split>
      <split:id type="guid">54e6e8c02e854810b2a53c65b84cb0f9</split:id>
      <split:reconciled-state>n</split:reconciled-state>
      <split:value>1395/100</split:value>
      <split:quantity>1395/100</split:quantity>
      <split:account type="guid">a407a639325647358d22326700816fc6</split:account>
</trn:split>
</trn:splits>
</gnc:transaction>
<gnc:transaction version="2.0.0">
  <trn:id type="guid">cb279afc7349429791910992ec1fd9bc</trn:id>
  <trn:currency>
    <cmdty:space>CURRENCY</cmdty:space>
    <cmdty:id>EUR</cmdty:id>
  </trn:currency>
  <trn:date-posted>
    <ts:date>2024-07-27 10:50:00 +0000</ts:date>
  </trn:date-posted>
  <trn:date-entered>
    <ts:date>2024-09-18 17:00:00 +0000</ts:date>
  </trn:date-entered>
  <trn:description>Anfangsbestand</trn:description>
  <trn:slots>
    <slot>
      <slot:key>date-posted</slot:key>
      <slot:value type="gdate">
        <gdate>2024-07-27</gdate>
      </slot:value>
    </slot>
  </trn:slots>
  <trn:splits>
    <trn:split>
      <split:id type="guid">47f20430749e486da9f7280d3a81f8d5</split:id>
      <split:reconciled-state>n</split:reconciled-state>
      <split:value>-7356/100</split:value>
      <split:quantity>-7356/100</split:quantity>
      <split:account type="guid">e91f0f84c5044e029d75c31cebf51901</split:account>
</trn:split>
<trn:split>
      <split:id type="guid">1f7aa482c805471cb9e0501fcbf161b5</split:id>
      <split:reconciled-state>n</split:reconciled-state>
      <split:value>7356/100</split:value>
      <split:quantity>7356/100</split:quantity>
      <split:account type="guid">a407a639325647358d22326700816fc6</split:account>
</trn:split>
</trn:splits>
</gnc:transaction>
<gnc:transaction version="2.0.0">
  <trn:id type="guid">1139ce53ff494ada88ba0dffecb0074d</trn:id>
  <trn:currency>
    <cmdty:space>CURRENCY</cmdty:space>
    <cmdty:id>EUR</cmdty:id>
  </trn:currency>
  <trn:date-posted>
    <ts:date>2024-07-27 10:50:00 +0000</ts:date>
  </trn:date-posted>
  <trn:date-entered>
    <ts:date>2024-09-18 17:00:00 +0000</ts:date>
  </trn:date-entered>
  <trn:description>Anfangsbestand</trn:description>
  <trn:slots>
    <slot>
      <slot:key>date-posted</slot:key>
      <slot:value type="gdate">
        <gdate>2024-07-27</gdate>
      </slot:value>
    </slot>
  </trn:slots>
  <trn:splits>
    <trn:split>
      <split:id type="guid">e73d3cef665d451d83600be7fbc113f5</split:id>
      <split:reconciled-state>n</split:reconciled-state>
      <split:value>-10207/100</split:value>
      <split:quantity>-10207/100</split:quantity>
      <split:account type="guid">e84ea95305974c68bf8dc037537aaf0d</split:account>
</trn:split>
<trn:split>
      <split:id type="guid">69d6b88a7f63496da01f8ba970a3f091</split:id>
      <split:reconciled-state>n</split:reconciled-state>
      <split:value>10207/100</split:value>
      <split:quantity>10207/100</split:quantity>
      <split:account type="guid">a407a639325647358d22326700816fc6</split:account>
</trn:split>
</trn:splits>
</gnc:transaction>
<gnc:transaction version="2.0.0">
  <trn:id type="guid">d1ad7310777e47c19f41de10a14cb332</trn:id>
  <trn:currency>
    <cmdty:space>CURRENCY</cmdty:space>
    <cmdty:id>EUR</cmdty:id>
  </trn:currency>
  <trn:date-posted>
    <ts:date>2024-07-27 10:50:00 +0000</ts:date>
  </trn:date-posted>
  <trn:date-entered>
    <ts:date>2024-09-18 17:00:00 +0000</ts:date>
  </trn:date-entered>
  <trn:description>Anfangsbestand</trn:description>
  <trn:slots>
    <slot>
      <slot:key>date-posted</slot:key>
      <slot:value type="gdate">
        <gdate>2024-07-27</gdate>
      </slot:value>
    </slot>
  </trn:slots>
  <trn:splits>
    <trn:split>
      <split:id type="guid">ce8975e86e314550a993d99342df4077</split:id>
      <split:reconciled-state>n</split:reconciled-state>
      <split:value>-1595/100</split:value>
      <split:quantity>-1595/100</split:quantity>
      <split:account type="guid">56187fd00bd04408bcce1bbef28c33c2</split:account>
</trn:split>
<trn:split>
      <split:id type="guid">1da0ae2df1a84b10ae6f88f6aff503d7</split:id>
      <split:reconciled-state>n</split:reconciled-state>
      <split:value>1595/100</split:value>
      <split:quantity>1595/100</split:quantity>
      <split:account type="guid">a407a639325647358d22326700816fc6</split:account>
</trn:split>
</trn:splits>
</gnc:transaction>
<gnc:transaction version="2.0.0">
  <trn:id type="guid">c6b37768739d4c078da84892bbf57d83</trn:id>
  <trn:currency>
    <cmdty:space>CURRENCY</cmdty:space>
    <cmdty:id>EUR</cmdty:id>
  </trn:currency>
  <trn:date-posted>
    <ts:date>2024-07-27 10:50:00 +0000</ts:date>
  </trn:date-posted>
  <trn:date-entered>
    <ts:date>2024-09-18 17:00:00 +0000</ts:date>
  </trn:date-entered>
  <trn:description>Anfangsbestand</trn:description>
  <trn:slots>
    <slot>
      <slot:key>date-posted</slot:key>
      <slot:value type="gdate">
        <gdate>2024-07-27</gdate>
      </slot:value>
    </slot>
  </trn:slots>
  <trn:splits>
    <trn:split>
      <split:id type="guid">ae295564838941f489370759513bffce</split:id>
      <split:reconciled-state>n</split:reconciled-state>
      <split:value>-967/100</split:value>
      <split:quantity>-967/100</split:quantity>
      <split:account type="guid">aa2be474ab2b4fc7bfa5cd4ffd79c0ba</split:account>
</trn:split>
<trn:split>
      <split:id type="guid">f6d50e1408ac47bab4f8bde747b74261</split:id>
      <split:reconciled-state>n</split:reconciled-state>
      <split:value>967/100</split:value>
      <split:quantity>967/100</split:quantity>
      <split:account type="guid">a407a639325647358d22326700816fc6</split:account>
</trn:split>
</trn:splits>
</gnc:transaction>
<gnc:transaction version="2.0.0">
  <trn:id type="guid">c9a207bfef4b4bd1a7ffb0f991bf2293</trn:id>
  <trn:currency>
    <cmdty:space>CURRENCY</cmdty:space>
    <cmdty:id>EUR</cmdty:id>
  </trn:currency>
  <trn:date-posted>
    <ts:date>2024-07-27 10:50:00 +0000</ts:date>
  </trn:date-posted>
  <trn:date-entered>
    <ts:date>2024-09-18 17:00:00 +0000</ts:date>
  </trn:date-entered>
  <trn:description>Anfangsbestand</trn:description>
  <trn:slots>
    <slot>
      <slot:key>date-posted</slot:key>
      <slot:value type="gdate">
        <gdate>2024-07-27</gdate>
      </slot:value>
    </slot>
  </trn:slots>
  <trn:splits>
    <trn:split>
      <split:id type="guid">065c3339aa4542f59854ac2b82b0f5db</split:id>
      <split:reconciled-state>n</split:reconciled-state>
      <split:value>-643/100</split:value>
      <split:quantity>-643/100</split:quantity>
      <split:account type="guid">dd4557d7d3c34e3d93f5eba804b91b45</split:account>
</trn:split>
<trn:split>
      <split:id type="guid">16d75743ab55454da159ebe8310b48be</split:id>
      <split:reconciled-state>n</split:reconciled-state>
      <split:value>643/100</split:value>
      <split:quantity>643/100</split:quantity>
      <split:account type="guid">a407a639325647358d22326700816fc6</split:account>
</trn:split>
</trn:splits>
</gnc:transaction>
<gnc:transaction version="2.0.0">
  <trn:id type="guid">8108039cbbaa460ea9e04d05efc1a951</trn:id>
  <trn:currency>
    <cmdty:space>CURRENCY</cmdty:space>
    <cmdty:id>EUR</cmdty:id>
  </trn:currency>
  <trn:date-posted>
    <ts:date>2024-07-27 10:50:00 +0000</ts:date>
  </trn:date-posted>
  <trn:date-entered>
    <ts:date>2024-09-18 17:00:00 +0000</ts:date>
  </trn:date-entered>
  <trn:description>Anfangsbestand</trn:description>
  <trn:slots>
    <slot>
      <slot:key>date-posted</slot:key>
      <slot:value type="gdate">
        <gdate>2024-07-27</gdate>
      </slot:value>
    </slot>
  </trn:slots>
  <trn:splits>
    <trn:split>
      <split:id type="guid">37ebdba1d7724c0dbf095a65a0f62466</split:id>
      <split:reconciled-state>n</split:reconciled-state>
      <split:value>-3695/100</split:value>
      <split:quantity>-3695/100</split:quantity>
      <split:account type="guid">1db15d6fb5324bc2a46309108c67d76c</split:account>
</trn:split>
<trn:split>
      <split:id type="guid">fba7a20efb3444ba9b8cd2fe2e4f5d6c</split:id>
      <split:reconciled-state>n</split:reconciled-state>
      <split:value>3695/100</split:value>
      <split:quantity>3695/100</split:quantity>
      <split:account type="guid">a407a639325647358d22326700816fc6</split:account>
</trn:split>
</trn:splits>
</gnc:transaction>
<gnc:transaction version="2.0.0">
  <trn:id type="guid">f73384279ab14d4fa2345549f06683f3</trn:id>
  <trn:currency>
    <cmdty:space>CURRENCY</cmdty:space>
    <cmdty:id>EUR</cmdty:id>
  </trn:currency>
  <trn:date-posted>
    <ts:date>2024-07-27 10:50:00 +0000</ts:date>
  </trn:date-posted>
  <trn:date-entered>
    <ts:date>2024-09-18 17:00:00 +0000</ts:date>
  </trn:date-entered>
  <trn:description>Anfangsbestand</trn:description>
  <trn:slots>
    <slot>
      <slot:key>date-posted</slot:key>
      <slot:value type="gdate">
        <gdate>2024-07-27</gdate>
      </slot:value>
    </slot>
  </trn:slots>
  <trn:splits>
    <trn:split>
      <split:id type="guid">d676fafcda09475e99f220f76b33470b</split:id>
      <split:reconciled-state>n</split:reconciled-state>
      <split:value>1864/100</split:value>
      <split:quantity>1864/100</split:quantity>
      <split:account type="guid">4b53058caa4c4224a417fbf76e6c119b</split:account>
</trn:split>
<trn:split>
      <split:id type="guid">f8615aa1f2f1452c9db1df54d4743b70</split:id>
      <split:reconciled-state>n</split:reconciled-state>
      <split:value>-1864/100</split:value>
      <split:quantity>-1864/100</split:quantity>
      <split:account type="guid">a407a639325647358d22326700816fc6</split:account>
</trn:split>
</trn:splits>
</gnc:transaction>
<gnc:transaction version="2.0.0">
  <trn:id type="guid">7eaf593aeb194905ba130431392e0350</trn:id>
  <trn:currency>
    <cmdty:space>CURRENCY</cmdty:space>
    <cmdty:id>EUR</cmdty:id>
  </trn:currency>
  <trn:date-posted>
    <ts:date>2024-07-27 10:50:00 +0000</ts:date>
  </trn:date-posted>
  <trn:date-entered>
    <ts:date>2024-09-18 17:00:00 +0000</ts:date>
  </trn:date-entered>
  <trn:description>Anfangsbestand</trn:description>
  <trn:slots>
    <slot>
      <slot:key>date-posted</slot:key>
      <slot:value type="gdate">
        <gdate>2024-07-27</gdate>
      </slot:value>
    </slot>
  </trn:slots>
  <trn:splits>
    <trn:split>
      <split:id type="guid">183d5b2316724b6290fa96d558c9ffee</split:id>
      <split:reconciled-state>n</split:reconciled-state>
      <split:value>15683/100</split:value>
      <split:quantity>15683/100</split:quantity>
      <split:account type="guid">77b4ede8a2fd4be3bfe87125cdd9a20c</split:account>
</trn:split>
<trn:split>
      <split:id type="guid">7012ed58d1284bfda980c2816e3998e6</split:id>
      <split:reconciled-state>n</split:reconciled-state>
      <split:value>-15683/100</split:value>
      <split:quantity>-15683/100</split:quantity>
      <split:account type="guid">a407a639325647358d22326700816fc6</split:account>
</trn:split>
</trn:splits>
</gnc:transaction>
<gnc:transaction version="2.0.0">
  <trn:id type="guid">a4a45c046e814832a531f01662df06b4</trn:id>
  <trn:currency>
    <cmdty:space>CURRENCY</cmdty:space>
    <cmdty:id>EUR</cmdty:id>
  </trn:currency>
  <trn:date-posted>
    <ts:date>2024-07-27 10:50:00 +0000</ts:date>
  </trn:date-posted>
  <trn:date-entered>
    <ts:date>2024-09-18 17:00:00 +0000</ts:date>
  </trn:date-entered>
  <trn:description>Anfangsbestand</trn:description>
  <trn:slots>
    <slot>
      <slot:key>date-posted</slot:key>
      <slot:value type="gdate">
        <gdate>2024-07-27</gdate>
      </slot:value>
    </slot>
  </trn:slots>
  <trn:splits>
    <trn:split>
      <split:id type="guid">a630b82d725d49ce88aef1e7342a9621</split:id>
      <split:reconciled-state>n</split:reconciled-state>
      <split:value>-16207/100</split:value>
      <split:quantity>-16207/100</split:quantity>
      <split:account type="guid">4e930328c0f54ad98b6980dafb2f1d55</split:account>
</trn:split>
<trn:split>
      <split:id type="guid">f48a2967cc914bbe9fbe222d093fb7c1</split:id>
      <split:reconciled-state>n</split:reconciled-state>
      <split:value>16207/100</split:value>
      <split:quantity>16207/100</split:quantity>
      <split:account type="guid">a407a639325647358d22326700816fc6</split:account>
</trn:split>
</trn:splits>
</gnc:transaction>
<gnc:transaction version="2.0.0">
  <trn:id type="guid">57f18d886b8345b5987300a6455aa7e7</trn:id>
  <trn:currency>
    <cmdty:space>CURRENCY</cmdty:space>
    <cmdty:id>EUR</cmdty:id>
  </trn:currency>
  <trn:date-posted>
    <ts:date>2024-07-27 10:50:00 +0000</ts:date>
  </trn:date-posted>
  <trn:date-entered>
    <ts:date>2024-09-18 17:00:00 +0000</ts:date>
  </trn:date-entered>
  <trn:description>Anfangsbestand</trn:description>
  <trn:slots>
    <slot>
      <slot:key>date-posted</slot:key>
      <slot:value type="gdate">
        <gdate>2024-07-27</gdate>
      </slot:value>
    </slot>
  </trn:slots>
  <trn:splits>
    <trn:split>
      <split:id type="guid">e46191d457be455e868bcb8256b8eb8a</split:id>
      <split:reconciled-state>n</split:reconciled-state>
      <split:value>-600/100</split:value>
      <split:quantity>-600/100</split:quantity>
      <split:account type="guid">e0261b8ba8bc4b87a0228188956db837</split:account>
</trn:split>
<trn:split>
      <split:id type="guid">89ca0bfa47264e42b47f025f352c7d3c</split:id>
      <split:reconciled-state>n</split:reconciled-state>
      <split:value>600/100</split:value>
      <split:quantity>600/100</split:quantity>
      <split:account type="guid">a407a639325647358d22326700816fc6</split:account>
</trn:split>
</trn:splits>
</gnc:transaction>
<gnc:transaction version="2.0.0">
  <trn:id type="guid">89c642fd8eea4274bd913ad36dd52220</trn:id>
  <trn:currency>
    <cmdty:space>CURRENCY</cmdty:space>
    <cmdty:id>EUR</cmdty:id>
  </trn:currency>
  <trn:date-posted>
    <ts:date>2024-07-27 10:50:00 +0000</ts:date>
  </trn:date-posted>
  <trn:date-entered>
    <ts:date>2024-09-18 17:00:00 +0000</ts:date>
  </trn:date-entered>
  <trn:description>Anfangsbestand</trn:description>
  <trn:slots>
    <slot>
      <slot:key>date-posted</slot:key>
      <slot:value type="gdate">
        <gdate>2024-07-27</gdate>
      </slot:value>
    </slot>
  </trn:slots>
  <trn:splits>
    <trn:split>
      <split:id type="guid">6d20dcfadeec496e876dc567a5a40301</split:id>
      <split:reconciled-state>n</split:reconciled-state>
      <split:value>-4920/100</split:value>
      <split:quantity>-4920/100</split:quantity>
      <split:account type="guid">817963a6cdf8435e810f1ff1b0109b54</split:account>
</trn:split>
<trn:split>
      <split:id type="guid">ac6dd45d4c6b4193a380f839ae48a1c8</split:id>
      <split:reconciled-state>n</split:reconciled-state>
      <split:value>4920/100</split:value>
      <split:quantity>4920/100</split:quantity>
      <split:account type="guid">a407a639325647358d22326700816fc6</split:account>
</trn:split>
</trn:splits>
</gnc:transaction>
<gnc:transaction version="2.0.0">
  <trn:id type="guid">fc57d1a9cbe84f499ac954b086ff4bbe</trn:id>
  <trn:currency>
    <cmdty:space>CURRENCY</cmdty:space>
    <cmdty:id>EUR</cmdty:id>
  </trn:currency>
  <trn:date-posted>
    <ts:date>2024-07-27 10:50:00 +0000</ts:date>
  </trn:date-posted>
  <trn:date-entered>
    <ts:date>2024-09-18 17:00:00 +0000</ts:date>
  </trn:date-entered>
  <trn:description>Anfangsbestand</trn:description>
  <trn:slots>
    <slot>
      <slot:key>date-posted</slot:key>
      <slot:value type="gdate">
        <gdate>2024-07-27</gdate>
      </slot:value>
    </slot>
  </trn:slots>
  <trn:splits>
    <trn:split>
      <split:id type="guid">d0ec243671e64d28be06b6e8df785f83</split:id>
      <split:reconciled-state>n</split:reconciled-state>
      <split:value>-26232/100</split:value>
      <split:quantity>-26232/100</split:quantity>
      <split:account type="guid">3bd49ba70ccd4c0ca4fc4d57e22e3c09</split:account>
</trn:split>
<trn:split>
      <split:id type="guid">428170dc9fb8438eafdb62fada6c758b</split:id>
      <split:reconciled-state>n</split:reconciled-state>
      <split:value>26232/100</split:value>
      <split:quantity>26232/100</split:quantity>
      <split:account type="guid">a407a639325647358d22326700816fc6</split:account>
</trn:split>
</trn:splits>
</gnc:transaction>
<gnc:transaction version="2.0.0">
  <trn:id type="guid">061ef708898d4a10bc5241ba6098f6a7</trn:id>
  <trn:currency>
    <cmdty:space>CURRENCY</cmdty:space>
    <cmdty:id>EUR</cmdty:id>
  </trn:currency>
  <trn:date-posted>
    <ts:date>2024-07-27 10:50:00 +0000</ts:date>
  </trn:date-posted>
  <trn:date-entered>
    <ts:date>2024-09-18 17:00:00 +0000</ts:date>
  </trn:date-entered>
  <trn:description>Anfangsbestand</trn:description>
  <trn:slots>
    <slot>
      <slot:key>date-posted</slot:key>
      <slot:value type="gdate">
        <gdate>2024-07-27</gdate>
      </slot:value>
    </slot>
  </trn:slots>
  <trn:splits>
    <trn:split>
      <split:id type="guid">726473fa9e7f4304b24459beb26a65c8</split:id>
      <split:reconciled-state>n</split:reconciled-state>
      <split:value>-4666/100</split:value>
      <split:quantity>-4666/100</split:quantity>
      <split:account type="guid">e960836930bf472da1426af963df6f9a</split:account>
</trn:split>
<trn:split>
      <split:id type="guid">bdbe3f59adaa430f977e12456ffbaeca</split:id>
      <split:reconciled-state>n</split:reconciled-state>
      <split:value>4666/100</split:value>
      <split:quantity>4666/100</split:quantity>
      <split:account type="guid">a407a639325647358d22326700816fc6</split:account>
</trn:split>
</trn:splits>
</gnc:transaction>
<gnc:transaction version="2.0.0">
  <trn:id type="guid">661814492362402680dc56a61b8af59e</trn:id>
  <trn:currency>
    <cmdty:space>CURRENCY</cmdty:space>
    <cmdty:id>EUR</cmdty:id>
  </trn:currency>
  <trn:date-posted>
    <ts:date>2024-07-27 10:50:00 +0000</ts:date>
  </trn:date-posted>
  <trn:date-entered>
    <ts:date>2024-09-18 17:00:00 +0000</ts:date>
  </trn:date-entered>
  <trn:description>Anfangsbestand</trn:description>
  <trn:slots>
    <slot>
      <slot:key>date-posted</slot:key>
      <slot:value type="gdate">
        <gdate>2024-07-27</gdate>
      </slot:value>
    </slot>
  </trn:slots>
  <trn:splits>
    <trn:split>
      <split:id type="guid">40dcaabe9be041afaae0638e27398209</split:id>
      <split:reconciled-state>n</split:reconciled-state>
      <split:value>-1520/100</split:value>
      <split:quantity>-1520/100</split:quantity>
      <split:account type="guid">905eaabd7bf043d7afafad961811f70a</split:account>
</trn:split>
<trn:split>
      <split:id type="guid">2b5d3e0c39844415b4adf51b76aed647</split:id>
      <split:reconciled-state>n</split:reconciled-state>
      <split:value>1520/100</split:value>
      <split:quantity>1520/100</split:quantity>
      <split:account type="guid">a407a639325647358d22326700816fc6</split:account>
</trn:split>
</trn:splits>
</gnc:transaction>
<gnc:transaction version="2.0.0">
  <trn:id type="guid">d1a0af276226445f8e5a7ca435d3b125</trn:id>
  <trn:currency>
    <cmdty:space>CURRENCY</cmdty:space>
    <cmdty:id>EUR</cmdty:id>
  </trn:currency>
  <trn:date-posted>
    <ts:date>2024-07-27 10:50:00 +0000</ts:date>
  </trn:date-posted>
  <trn:date-entered>
    <ts:date>2024-09-18 17:00:00 +0000</ts:date>
  </trn:date-entered>
  <trn:description>Anfangsbestand</trn:description>
  <trn:slots>
    <slot>
      <slot:key>date-posted</slot:key>
      <slot:value type="gdate">
        <gdate>2024-07-27</gdate>
      </slot:value>
    </slot>
  </trn:slots>
  <trn:splits>
    <trn:split>
      <split:id type="guid">826d40a78686458cbe994061275cab7a</split:id>
      <split:reconciled-state>n</split:reconciled-state>
      <split:value>-4202/100</split:value>
      <split:quantity>-4202/100</split:quantity>
      <split:account type="guid">3dff9056170142a2b201963bc78cb802</split:account>
</trn:split>
<trn:split>
      <split:id type="guid">6df320cff70b4d01aea893d6f2ec3f1f</split:id>
      <split:reconciled-state>n</split:reconciled-state>
      <split:value>4202/100</split:value>
      <split:quantity>4202/100</split:quantity>
      <split:account type="guid">a407a639325647358d22326700816fc6</split:account>
</trn:split>
</trn:splits>
</gnc:transaction>
<gnc:transaction version="2.0.0">
  <trn:id type="guid">0a0c598874a742aeb66924fbc3f2a3ef</trn:id>
  <trn:currency>
    <cmdty:space>CURRENCY</cmdty:space>
    <cmdty:id>EUR</cmdty:id>
  </trn:currency>
  <trn:date-posted>
    <ts:date>2024-07-27 10:50:00 +0000</ts:date>
  </trn:date-posted>
  <trn:date-entered>
    <ts:date>2024-09-18 17:00:00 +0000</ts:date>
  </trn:date-entered>
  <trn:description>Anfangsbestand</trn:description>
  <trn:slots>
    <slot>
      <slot:key>date-posted</slot:key>
      <slot:value type="gdate">
        <gdate>2024-07-27</gdate>
      </slot:value>
    </slot>
  </trn:slots>
  <trn:splits>
    <trn:split>
      <split:id type="guid">7aaa005ebb1e4f9997ed890b1adef01a</split:id>
      <split:reconciled-state>n</split:reconciled-state>
      <split:value>-29812/100</split:value>
      <split:quantity>-29812/100</split:quantity>
      <split:account type="guid">fd2bf01fa47a487693b679af5c4f3a64</split:account>
</trn:split>
<trn:split>
      <split:id type="guid">94c7166371864384b42ede9027eb2e06</split:id>
      <split:reconciled-state>n</split:reconciled-state>
      <split:value>29812/100</split:value>
      <split:quantity>29812/100</split:quantity>
      <split:account type="guid">a407a639325647358d22326700816fc6</split:account>
</trn:split>
</trn:splits>
</gnc:transaction>
<gnc:transaction version="2.0.0">
  <trn:id type="guid">4ba1f0d4bfd14f7f9b165815f99d60ec</trn:id>
  <trn:currency>
    <cmdty:space>CURRENCY</cmdty:space>
    <cmdty:id>EUR</cmdty:id>
  </trn:currency>
  <trn:date-posted>
    <ts:date>2024-07-27 10:50:00 +0000</ts:date>
  </trn:date-posted>
  <trn:date-entered>
    <ts:date>2024-09-18 17:00:00 +0000</ts:date>
  </trn:date-entered>
  <trn:description>Anfangsbestand</trn:description>
  <trn:slots>
    <slot>
      <slot:key>date-posted</slot:key>
      <slot:value type="gdate">
        <gdate>2024-07-27</gdate>
      </slot:value>
    </slot>
  </trn:slots>
  <trn:splits>
    <trn:split>
      <split:id type="guid">a57cf25a9b934c579fdc68c6090b377c</split:id>
      <split:reconciled-state>n</split:reconciled-state>
      <split:value>1695/100</split:value>
      <split:quantity>1695/100</split:quantity>
      <split:account type="guid">253cb66bf824490ba5868a75fd3f837a</split:account>
</trn:split>
<trn:split>
      <split:id type="guid">a00f0cab2fd7479b9fe1ce216bac9d76</split:id>
      <split:reconciled-state>n</split:reconciled-state>
      <split:value>-1695/100</split:value>
      <split:quantity>-1695/100</split:quantity>
      <split:account type="guid">a407a639325647358d22326700816fc6</split:account>
</trn:split>
</trn:splits>
</gnc:transaction>
<gnc:transaction version="2.0.0">
  <trn:id type="guid">65e82cbad6cb48f39499a6eff416e486</trn:id>
  <trn:currency>
    <cmdty:space>CURRENCY</cmdty:space>
    <cmdty:id>EUR</cmdty:id>
  </trn:currency>
  <trn:date-posted>
    <ts:date>2024-07-27 10:50:00 +0000</ts:date>
  </trn:date-posted>
  <trn:date-entered>
    <ts:date>2024-09-18 17:00:00 +0000</ts:date>
  </trn:date-entered>
  <trn:description>Anfangsbestand</trn:description>
  <trn:slots>
    <slot>
      <slot:key>date-posted</slot:key>
      <slot:value type="gdate">
        <gdate>2024-07-27</gdate>
      </slot:value>
    </slot>
  </trn:slots>
  <trn:splits>
    <trn:split>
      <split:id type="guid">bbcef1b148fb497eb264fa7de5829342</split:id>
      <split:reconciled-state>n</split:reconciled-state>
      <split:value>178/100</split:value>
      <split:quantity>178/100</split:quantity>
      <split:account type="guid">3e2195fc71364ce59ba4e4af6ef1ef2c</split:account>
</trn:split>
<trn:split>
      <split:id type="guid">faa995f52e84495d9e54207cb68d2861</split:id>
      <split:reconciled-state>n</split:reconciled-state>
      <split:value>-178/100</split:value>
      <split:quantity>-178/100</split:quantity>
      <split:account type="guid">a407a639325647358d22326700816fc6</split:account>
</trn:split>
</trn:splits>
</gnc:transaction>
<gnc:transaction version="2.0.0">
  <trn:id type="guid">129a3e04f044415483c07e47c0e07bb2</trn:id>
  <trn:currency>
    <cmdty:space>CURRENCY</cmdty:space>
    <cmdty:id>EUR</cmdty:id>
  </trn:currency>
  <trn:date-posted>
    <ts:date>2024-07-27 10:50:00 +0000</ts:date>
  </trn:date-posted>
  <trn:date-entered>
    <ts:date>2024-09-18 17:00:00 +0000</ts:date>
  </trn:date-entered>
  <trn:description>Anfangsbestand</trn:description>
  <trn:slots>
    <slot>
      <slot:key>date-posted</slot:key>
      <slot:value type="gdate">
        <gdate>2024-07-27</gdate>
      </slot:value>
    </slot>
  </trn:slots>
  <trn:splits>
    <trn:split>
      <split:id type="guid">7a066b4ae24c4d51b227a02d9611a34a</split:id>
      <split:reconciled-state>n</split:reconciled-state>
      <split:value>-4890/100</split:value>
      <split:quantity>-4890/100</split:quantity>
      <split:account type="guid">d0f93a24691c44919bb2f375fb854151</split:account>
</trn:split>
<trn:split>
      <split:id type="guid">cbb2f1cf82114f4c8a7e78945ad433ef</split:id>
      <split:reconciled-state>n</split:reconciled-state>
      <split:value>4890/100</split:value>
      <split:quantity>4890/100</split:quantity>
      <split:account type="guid">a407a639325647358d22326700816fc6</split:account>
</trn:split>
</trn:splits>
</gnc:transaction>
<gnc:transaction version="2.0.0">
  <trn:id type="guid">9c1fea71d24441cc9c3039ae33d31962</trn:id>
  <trn:currency>
    <cmdty:space>CURRENCY</cmdty:space>
    <cmdty:id>EUR</cmdty:id>
  </trn:currency>
  <trn:date-posted>
    <ts:date>2024-07-27 10:50:00 +0000</ts:date>
  </trn:date-posted>
  <trn:date-entered>
    <ts:date>2024-09-18 17:00:00 +0000</ts:date>
  </trn:date-entered>
  <trn:description>Anfangsbestand</trn:description>
  <trn:slots>
    <slot>
      <slot:key>date-posted</slot:key>
      <slot:value type="gdate">
        <gdate>2024-07-27</gdate>
      </slot:value>
    </slot>
  </trn:slots>
  <trn:splits>
    <trn:split>
      <split:id type="guid">a58847b7a0af48ad90351f195f0ae549</split:id>
      <split:reconciled-state>n</split:reconciled-state>
      <split:value>-11147/100</split:value>
      <split:quantity>-11147/100</split:quantity>
      <split:account type="guid">736dcc22e6ed47819486c1b3fe6deb7c</split:account>
</trn:split>
<trn:split>
      <split:id type="guid">f5b6a215d33440c1a0246364543a6a23</split:id>
      <split:reconciled-state>n</split:reconciled-state>
      <split:value>11147/100</split:value>
      <split:quantity>11147/100</split:quantity>
      <split:account type="guid">a407a639325647358d22326700816fc6</split:account>
</trn:split>
</trn:splits>
</gnc:transaction>
<gnc:transaction version="2.0.0">
  <trn:id type="guid">8f06fcc94eca499b885407bd5ed60ef8</trn:id>
  <trn:currency>
    <cmdty:space>CURRENCY</cmdty:space>
    <cmdty:id>EUR</cmdty:id>
  </trn:currency>
  <trn:date-posted>
    <ts:date>2024-07-27 10:50:00 +0000</ts:date>
  </trn:date-posted>
  <trn:date-entered>
    <ts:date>2024-09-18 17:00:00 +0000</ts:date>
  </trn:date-entered>
  <trn:description>Anfangsbestand</trn:description>
  <trn:slots>
    <slot>
      <slot:key>date-posted</slot:key>
      <slot:value type="gdate">
        <gdate>2024-07-27</gdate>
      </slot:value>
    </slot>
  </trn:slots>
  <trn:splits>
    <trn:split>
      <split:id type="guid">f038c6f585ca420fa649d85ceeb27aa3</split:id>
      <split:reconciled-state>n</split:reconciled-state>
      <split:value>-17635/100</split:value>
      <split:quantity>-17635/100</split:quantity>
      <split:account type="guid">7e93cecb75c8477b944043b5f89534c6</split:account>
</trn:split>
<trn:split>
      <split:id type="guid">0317c6fa057d4e4a8a0c3e84502ccfb0</split:id>
      <split:reconciled-state>n</split:reconciled-state>
      <split:value>17635/100</split:value>
      <split:quantity>17635/100</split:quantity>
      <split:account type="guid">a407a639325647358d22326700816fc6</split:account>
</trn:split>
</trn:splits>
</gnc:transaction>
<gnc:transaction version="2.0.0">
  <trn:id type="guid">90c8ad1f752d4ce984961f371d1a350c</trn:id>
  <trn:currency>
    <cmdty:space>CURRENCY</cmdty:space>
    <cmdty:id>EUR</cmdty:id>
  </trn:currency>
  <trn:date-posted>
    <ts:date>2024-07-27 10:50:00 +0000</ts:date>
  </trn:date-posted>
  <trn:date-entered>
    <ts:date>2024-09-18 17:00:00 +0000</ts:date>
  </trn:date-entered>
  <trn:description>Anfangsbestand</trn:description>
  <trn:slots>
    <slot>
      <slot:key>date-posted</slot:key>
      <slot:value type="gdate">
        <gdate>2024-07-27</gdate>
      </slot:value>
    </slot>
  </trn:slots>
  <trn:splits>
    <trn:split>
      <split:id type="guid">339a3d6e91f14c4a80ef105a476b7728</split:id>
      <split:reconciled-state>n</split:reconciled-state>
      <split:value>31166/100</split:value>
      <split:quantity>31166/100</split:quantity>
      <split:account type="guid">ac5fc83a52ff4afc8dcf56f0a6a6a278</split:account>
</trn:split>
<trn:split>
      <split:id type="guid">bfe53b518892421894a02ab8fa971994</split:id>
      <split:reconciled-state>n</split:reconciled-state>
      <split:value>-31166/100</split:value>
      <split:quantity>-31166/100</split:quantity>
      <split:account type="guid">a407a639325647358d22326700816fc6</split:account>
</trn:split>
</trn:splits>
</gnc:transaction>
<gnc:transaction version="2.0.0">
  <trn:id type="guid">e5ddd27d8d9c44618e998a8897215269</trn:id>
  <trn:currency>
    <cmdty:space>CURRENCY</cmdty:space>
    <cmdty:id>EUR</cmdty:id>
  </trn:currency>
  <trn:date-posted>
    <ts:date>2024-07-27 10:50:00 +0000</ts:date>
  </trn:date-posted>
  <trn:date-entered>
    <ts:date>2024-09-18 17:00:00 +0000</ts:date>
  </trn:date-entered>
  <trn:description>Anfangsbestand</trn:description>
  <trn:slots>
    <slot>
      <slot:key>date-posted</slot:key>
      <slot:value type="gdate">
        <gdate>2024-07-27</gdate>
      </slot:value>
    </slot>
  </trn:slots>
  <trn:splits>
    <trn:split>
      <split:id type="guid">aa56218b54df421895cd21ff186fc94a</split:id>
      <split:reconciled-state>n</split:reconciled-state>
      <split:value>-2846/100</split:value>
      <split:quantity>-2846/100</split:quantity>
      <split:account type="guid">97429d31c0444e1a8a351b5f3c5612c6</split:account>
</trn:split>
<trn:split>
      <split:id type="guid">91b23c71a7364979a932e1a6f1923473</split:id>
      <split:reconciled-state>n</split:reconciled-state>
      <split:value>2846/100</split:value>
      <split:quantity>2846/100</split:quantity>
      <split:account type="guid">a407a639325647358d22326700816fc6</split:account>
</trn:split>
</trn:splits>
</gnc:transaction>
<gnc:transaction version="2.0.0">
  <trn:id type="guid">c0798fee7e1c44b782ecb25ec42d86f6</trn:id>
  <trn:currency>
    <cmdty:space>CURRENCY</cmdty:space>
    <cmdty:id>EUR</cmdty:id>
  </trn:currency>
  <trn:date-posted>
    <ts:date>2024-07-27 10:50:00 +0000</ts:date>
  </trn:date-posted>
  <trn:date-entered>
    <ts:date>2024-09-18 17:00:00 +0000</ts:date>
  </trn:date-entered>
  <trn:description>Anfangsbestand</trn:description>
  <trn:slots>
    <slot>
      <slot:key>date-posted</slot:key>
      <slot:value type="gdate">
        <gdate>2024-07-27</gdate>
      </slot:value>
    </slot>
  </trn:slots>
  <trn:splits>
    <trn:split>
      <split:id type="guid">5d0342c020f0427b89070536c241a907</split:id>
      <split:reconciled-state>n</split:reconciled-state>
      <split:value>-3579/100</split:value>
      <split:quantity>-3579/100</split:quantity>
      <split:account type="guid">507a662f19944a5dafccac0cae2839cf</split:account>
</trn:split>
<trn:split>
      <split:id type="guid">58edb0009d3546ef85a8a202915cb01c</split:id>
      <split:reconciled-state>n</split:reconciled-state>
      <split:value>3579/100</split:value>
      <split:quantity>3579/100</split:quantity>
      <split:account type="guid">a407a639325647358d22326700816fc6</split:account>
</trn:split>
</trn:splits>
</gnc:transaction>
<gnc:transaction version="2.0.0">
  <trn:id type="guid">5600959e5b95416fb9dc29431ae6aca1</trn:id>
  <trn:currency>
    <cmdty:space>CURRENCY</cmdty:space>
    <cmdty:id>EUR</cmdty:id>
  </trn:currency>
  <trn:date-posted>
    <ts:date>2024-07-27 10:50:00 +0000</ts:date>
  </trn:date-posted>
  <trn:date-entered>
    <ts:date>2024-09-18 17:00:00 +0000</ts:date>
  </trn:date-entered>
  <trn:description>Anfangsbestand</trn:description>
  <trn:slots>
    <slot>
      <slot:key>date-posted</slot:key>
      <slot:value type="gdate">
        <gdate>2024-07-27</gdate>
      </slot:value>
    </slot>
  </trn:slots>
  <trn:splits>
    <trn:split>
      <split:id type="guid">f195c3550bb7405d969973254bc57cd2</split:id>
      <split:reconciled-state>n</split:reconciled-state>
      <split:value>-5900/100</split:value>
      <split:quantity>-5900/100</split:quantity>
      <split:account type="guid">cd2b992fb6974d528da4cea187e8125e</split:account>
</trn:split>
<trn:split>
      <split:id type="guid">f2fc2cf8082c4035805ce907c870d385</split:id>
      <split:reconciled-state>n</split:reconciled-state>
      <split:value>5900/100</split:value>
      <split:quantity>5900/100</split:quantity>
      <split:account type="guid">a407a639325647358d22326700816fc6</split:account>
</trn:split>
</trn:splits>
</gnc:transaction>
<gnc:transaction version="2.0.0">
  <trn:id type="guid">7969d68d604a4ebfb2f5eb7f79f6a216</trn:id>
  <trn:currency>
    <cmdty:space>CURRENCY</cmdty:space>
    <cmdty:id>EUR</cmdty:id>
  </trn:currency>
  <trn:date-posted>
    <ts:date>2024-07-27 10:50:00 +0000</ts:date>
  </trn:date-posted>
  <trn:date-entered>
    <ts:date>2024-09-18 17:00:00 +0000</ts:date>
  </trn:date-entered>
  <trn:description>Anfangsbestand</trn:description>
  <trn:slots>
    <slot>
      <slot:key>date-posted</slot:key>
      <slot:value type="gdate">
        <gdate>2024-07-27</gdate>
      </slot:value>
    </slot>
  </trn:slots>
  <trn:splits>
    <trn:split>
      <split:id type="guid">2d3155033a4f4cdd978f897a1cb32adb</split:id>
      <split:reconciled-state>n</split:reconciled-state>
      <split:value>3031/100</split:value>
      <split:quantity>3031/100</split:quantity>
      <split:account type="guid">a4a126a3361542a286514138aa09aec0</split:account>
</trn:split>
<trn:split>
      <split:id type="guid">6b30f9b982fa4802bd3824608c8ea1a4</split:id>
      <split:reconciled-state>n</split:reconciled-state>
      <split:value>-3031/100</split:value>
      <split:quantity>-3031/100</split:quantity>
      <split:account type="guid">a407a639325647358d22326700816fc6</split:account>
</trn:split>
</trn:splits>
</gnc:transaction>
<gnc:transaction version="2.0.0">
  <trn:id type="guid">14d875ee60c6499898c2cf97d5616bda</trn:id>
  <trn:currency>
    <cmdty:space>CURRENCY</cmdty:space>
    <cmdty:id>EUR</cmdty:id>
  </trn:currency>
  <trn:date-posted>
    <ts:date>2024-07-27 10:50:00 +0000</ts:date>
  </trn:date-posted>
  <trn:date-entered>
    <ts:date>2024-09-18 17:00:00 +0000</ts:date>
  </trn:date-entered>
  <trn:description>Anfangsbestand</trn:description>
  <trn:slots>
    <slot>
      <slot:key>date-posted</slot:key>
      <slot:value type="gdate">
        <gdate>2024-07-27</gdate>
      </slot:value>
    </slot>
  </trn:slots>
  <trn:splits>
    <trn:split>
      <split:id type="guid">b886875516a24d71b4211656f1f5062c</split:id>
      <split:reconciled-state>n</split:reconciled-state>
      <split:value>-12933/100</split:value>
      <split:quantity>-12933/100</split:quantity>
      <split:account type="guid">925afbd233be4c7587a646127671820b</split:account>
</trn:split>
<trn:split>
      <split:id type="guid">45735812ea1d44eaae3c6b16a25367cb</split:id>
      <split:reconciled-state>n</split:reconciled-state>
      <split:value>12933/100</split:value>
      <split:quantity>12933/100</split:quantity>
      <split:account type="guid">a407a639325647358d22326700816fc6</split:account>
</trn:split>
</trn:splits>
</gnc:transaction>
<gnc:transaction version="2.0.0">
  <trn:id type="guid">b939b1732b8c4069a580c4be00597317</trn:id>
  <trn:currency>
    <cmdty:space>CURRENCY</cmdty:space>
    <cmdty:id>EUR</cmdty:id>
  </trn:currency>
  <trn:date-posted>
    <ts:date>2024-07-27 10:50:00 +0000</ts:date>
  </trn:date-posted>
  <trn:date-entered>
    <ts:date>2024-09-18 17:00:00 +0000</ts:date>
  </trn:date-entered>
  <trn:description>Anfangsbestand</trn:description>
  <trn:slots>
    <slot>
      <slot:key>date-posted</slot:key>
      <slot:value type="gdate">
        <gdate>2024-07-27</gdate>
      </slot:value>
    </slot>
  </trn:slots>
  <trn:splits>
    <trn:split>
      <split:id type="guid">812fbc3539e24d0b81dbd19cd1778439</split:id>
      <split:reconciled-state>n</split:reconciled-state>
      <split:value>-6027/100</split:value>
      <split:quantity>-6027/100</split:quantity>
      <split:account type="guid">3c53cd00af1b485793c0accead1cce1e</split:account>
</trn:split>
<trn:split>
      <split:id type="guid">69d3ad22f9724619a48cdad9886f65e8</split:id>
      <split:reconciled-state>n</split:reconciled-state>
      <split:value>6027/100</split:value>
      <split:quantity>6027/100</split:quantity>
      <split:account type="guid">a407a639325647358d22326700816fc6</split:account>
</trn:split>
</trn:splits>
</gnc:transaction>
<gnc:transaction version="2.0.0">
  <trn:id type="guid">1dbe3db488b0453e95c2e57916969c89</trn:id>
  <trn:currency>
    <cmdty:space>CURRENCY</cmdty:space>
    <cmdty:id>EUR</cmdty:id>
  </trn:currency>
  <trn:date-posted>
    <ts:date>2024-07-27 10:50:00 +0000</ts:date>
  </trn:date-posted>
  <trn:date-entered>
    <ts:date>2024-09-18 17:00:00 +0000</ts:date>
  </trn:date-entered>
  <trn:description>Anfangsbestand</trn:description>
  <trn:slots>
    <slot>
      <slot:key>date-posted</slot:key>
      <slot:value type="gdate">
        <gdate>2024-07-27</gdate>
      </slot:value>
    </slot>
  </trn:slots>
  <trn:splits>
    <trn:split>
      <split:id type="guid">a14a23f97fb0429a96067348ea728953</split:id>
      <split:reconciled-state>n</split:reconciled-state>
      <split:value>27959/100</split:value>
      <split:quantity>27959/100</split:quantity>
      <split:account type="guid">251ed668202b4befa3e4190cbdcad00e</split:account>
</trn:split>
<trn:split>
      <split:id type="guid">efce8c0955af4730938fd0009b86e480</split:id>
      <split:reconciled-state>n</split:reconciled-state>
      <split:value>-27959/100</split:value>
      <split:quantity>-27959/100</split:quantity>
      <split:account type="guid">a407a639325647358d22326700816fc6</split:account>
</trn:split>
</trn:splits>
</gnc:transaction>
<gnc:transaction version="2.0.0">
  <trn:id type="guid">d215ce357f6f40e8b7c1300030891d1e</trn:id>
  <trn:currency>
    <cmdty:space>CURRENCY</cmdty:space>
    <cmdty:id>EUR</cmdty:id>
  </trn:currency>
  <trn:date-posted>
    <ts:date>2024-07-27 10:50:00 +0000</ts:date>
  </trn:date-posted>
  <trn:date-entered>
    <ts:date>2024-09-18 17:00:00 +0000</ts:date>
  </trn:date-entered>
  <trn:description>Anfangsbestand</trn:description>
  <trn:slots>
    <slot>
      <slot:key>date-posted</slot:key>
      <slot:value type="gdate">
        <gdate>2024-07-27</gdate>
      </slot:value>
    </slot>
  </trn:slots>
  <trn:splits>
    <trn:split>
      <split:id type="guid">7248253cd90645fe8240f4361ec180de</split:id>
      <split:reconciled-state>n</split:reconciled-state>
      <split:value>75/100</split:value>
      <split:quantity>75/100</split:quantity>
      <split:account type="guid">e25c0f4fbe394b01b7a6def7fbc00bd2</split:account>
</trn:split>
<trn:split>
      <split:id type="guid">fa41aa9e41744c0c8a767fcdd2a92079</split:id>
      <split:reconciled-state>n</split:reconciled-state>
      <split:value>-75/100</split:value>
      <split:quantity>-75/100</split:quantity>
      <split:account type="guid">a407a639325647358d22326700816fc6</split:account>
</trn:split>
</trn:splits>
</gnc:transaction>
<gnc:transaction version="2.0.0">
  <trn:id type="guid">59f2d5938a434ec9ae80f6d199c0bbef</trn:id>
  <trn:currency>
    <cmdty:space>CURRENCY</cmdty:space>
    <cmdty:id>EUR</cmdty:id>
  </trn:currency>
  <trn:date-posted>
    <ts:date>2024-07-27 10:50:00 +0000</ts:date>
  </trn:date-posted>
  <trn:date-entered>
    <ts:date>2024-09-18 17:00:00 +0000</ts:date>
  </trn:date-entered>
  <trn:description>Anfangsbestand</trn:description>
  <trn:slots>
    <slot>
      <slot:key>date-posted</slot:key>
      <slot:value type="gdate">
        <gdate>2024-07-27</gdate>
      </slot:value>
    </slot>
  </trn:slots>
  <trn:splits>
    <trn:split>
      <split:id type="guid">ed4f0c0152894d57b95ee811b3031ce1</split:id>
      <split:reconciled-state>n</split:reconciled-state>
      <split:value>-5410/100</split:value>
      <split:quantity>-5410/100</split:quantity>
      <split:account type="guid">4064c3e7ee2940a7bdc45370793a6758</split:account>
</trn:split>
<trn:split>
      <split:id type="guid">6bc523b502d8444ea6ebd07da01b043d</split:id>
      <split:reconciled-state>n</split:reconciled-state>
      <split:value>5410/100</split:value>
      <split:quantity>5410/100</split:quantity>
      <split:account type="guid">a407a639325647358d22326700816fc6</split:account>
</trn:split>
</trn:splits>
</gnc:transaction>
<gnc:transaction version="2.0.0">
  <trn:id type="guid">27f54a950b654b068492d914c775f5c4</trn:id>
  <trn:currency>
    <cmdty:space>CURRENCY</cmdty:space>
    <cmdty:id>EUR</cmdty:id>
  </trn:currency>
  <trn:date-posted>
    <ts:date>2024-07-27 10:50:00 +0000</ts:date>
  </trn:date-posted>
  <trn:date-entered>
    <ts:date>2024-09-18 17:00:00 +0000</ts:date>
  </trn:date-entered>
  <trn:description>Anfangsbestand</trn:description>
  <trn:slots>
    <slot>
      <slot:key>date-posted</slot:key>
      <slot:value type="gdate">
        <gdate>2024-07-27</gdate>
      </slot:value>
    </slot>
  </trn:slots>
  <trn:splits>
    <trn:split>
      <split:id type="guid">0f721da2c5bc484aa88db92a376d7b5a</split:id>
      <split:reconciled-state>n</split:reconciled-state>
      <split:value>-9847/100</split:value>
      <split:quantity>-9847/100</split:quantity>
      <split:account type="guid">06c1544a89634d4a99c1ae4de2af848f</split:account>
</trn:split>
<trn:split>
      <split:id type="guid">5041ba5e7ed24b48a493a3fe8eb86308</split:id>
      <split:reconciled-state>n</split:reconciled-state>
      <split:value>9847/100</split:value>
      <split:quantity>9847/100</split:quantity>
      <split:account type="guid">a407a639325647358d22326700816fc6</split:account>
</trn:split>
</trn:splits>
</gnc:transaction>
<gnc:transaction version="2.0.0">
  <trn:id type="guid">455cc913425147108f548fdce445d40b</trn:id>
  <trn:currency>
    <cmdty:space>CURRENCY</cmdty:space>
    <cmdty:id>EUR</cmdty:id>
  </trn:currency>
  <trn:date-posted>
    <ts:date>2024-07-27 10:50:00 +0000</ts:date>
  </trn:date-posted>
  <trn:date-entered>
    <ts:date>2024-09-18 17:00:00 +0000</ts:date>
  </trn:date-entered>
  <trn:description>Anfangsbestand</trn:description>
  <trn:slots>
    <slot>
      <slot:key>date-posted</slot:key>
      <slot:value type="gdate">
        <gdate>2024-07-27</gdate>
      </slot:value>
    </slot>
  </trn:slots>
  <trn:splits>
    <trn:split>
      <split:id type="guid">f4595ca0a64b4f278d1838ba1bf96336</split:id>
      <split:reconciled-state>n</split:reconciled-state>
      <split:value>-1275/100</split:value>
      <split:quantity>-1275/100</split:quantity>
      <split:account type="guid">4957f3b048314c8c85d9c8f3b86724c3</split:account>
</trn:split>
<trn:split>
      <split:id type="guid">668457a90063407db157cba8c73642d6</split:id>
      <split:reconciled-state>n</split:reconciled-state>
      <split:value>1275/100</split:value>
      <split:quantity>1275/100</split:quantity>
      <split:account type="guid">a407a639325647358d22326700816fc6</split:account>
</trn:split>
</trn:splits>
</gnc:transaction>
<gnc:transaction version="2.0.0">
  <trn:id type="guid">49f5b086888e4d149ea1888a19c8ddd0</trn:id>
  <trn:currency>
    <cmdty:space>CURRENCY</cmdty:space>
    <cmdty:id>EUR</cmdty:id>
  </trn:currency>
  <trn:date-posted>
    <ts:date>2024-07-27 10:50:00 +0000</ts:date>
  </trn:date-posted>
  <trn:date-entered>
    <ts:date>2024-09-18 17:00:00 +0000</ts:date>
  </trn:date-entered>
  <trn:description>Anfangsbestand</trn:description>
  <trn:slots>
    <slot>
      <slot:key>date-posted</slot:key>
      <slot:value type="gdate">
        <gdate>2024-07-27</gdate>
      </slot:value>
    </slot>
  </trn:slots>
  <trn:splits>
    <trn:split>
      <split:id type="guid">0d93e468944a4c40b034f5686351c116</split:id>
      <split:reconciled-state>n</split:reconciled-state>
      <split:value>-2330/100</split:value>
      <split:quantity>-2330/100</split:quantity>
      <split:account type="guid">ae83343bfbb043d392b9272f46c47da6</split:account>
</trn:split>
<trn:split>
      <split:id type="guid">45bdc27949b945f1b1eed53e9e55123f</split:id>
      <split:reconciled-state>n</split:reconciled-state>
      <split:value>2330/100</split:value>
      <split:quantity>2330/100</split:quantity>
      <split:account type="guid">a407a639325647358d22326700816fc6</split:account>
</trn:split>
</trn:splits>
</gnc:transaction>
<gnc:transaction version="2.0.0">
  <trn:id type="guid">251d79964e2b4ab4bbe85358c97f62c5</trn:id>
  <trn:currency>
    <cmdty:space>CURRENCY</cmdty:space>
    <cmdty:id>EUR</cmdty:id>
  </trn:currency>
  <trn:date-posted>
    <ts:date>2024-07-27 10:50:00 +0000</ts:date>
  </trn:date-posted>
  <trn:date-entered>
    <ts:date>2024-09-18 17:00:00 +0000</ts:date>
  </trn:date-entered>
  <trn:description>Anfangsbestand</trn:description>
  <trn:slots>
    <slot>
      <slot:key>date-posted</slot:key>
      <slot:value type="gdate">
        <gdate>2024-07-27</gdate>
      </slot:value>
    </slot>
  </trn:slots>
  <trn:splits>
    <trn:split>
      <split:id type="guid">e647c06713e24c50bc2690f053211d09</split:id>
      <split:reconciled-state>n</split:reconciled-state>
      <split:value>-5000/100</split:value>
      <split:quantity>-5000/100</split:quantity>
      <split:account type="guid">e61c84776f9941bca5dc0d84070f855e</split:account>
</trn:split>
<trn:split>
      <split:id type="guid">18e42537ea0a4bac8f696d707be42aca</split:id>
      <split:reconciled-state>n</split:reconciled-state>
      <split:value>5000/100</split:value>
      <split:quantity>5000/100</split:quantity>
      <split:account type="guid">a407a639325647358d22326700816fc6</split:account>
</trn:split>
</trn:splits>
</gnc:transaction>
<gnc:transaction version="2.0.0">
  <trn:id type="guid">6da036afb9644f43b0d72b51c5d697d2</trn:id>
  <trn:currency>
    <cmdty:space>CURRENCY</cmdty:space>
    <cmdty:id>EUR</cmdty:id>
  </trn:currency>
  <trn:date-posted>
    <ts:date>2024-07-27 10:50:00 +0000</ts:date>
  </trn:date-posted>
  <trn:date-entered>
    <ts:date>2024-09-18 17:00:00 +0000</ts:date>
  </trn:date-entered>
  <trn:description>Anfangsbestand</trn:description>
  <trn:slots>
    <slot>
      <slot:key>date-posted</slot:key>
      <slot:value type="gdate">
        <gdate>2024-07-27</gdate>
      </slot:value>
    </slot>
  </trn:slots>
  <trn:splits>
    <trn:split>
      <split:id type="guid">6c1971ea47814216aff6b98005368adb</split:id>
      <split:reconciled-state>n</split:reconciled-state>
      <split:value>-27050/100</split:value>
      <split:quantity>-27050/100</split:quantity>
      <split:account type="guid">3a32efad69de452ca9fd3029564c950f</split:account>
</trn:split>
<trn:split>
      <split:id type="guid">6549f54644c247bd9c7a0f17ef722d46</split:id>
      <split:reconciled-state>n</split:reconciled-state>
      <split:value>27050/100</split:value>
      <split:quantity>27050/100</split:quantity>
      <split:account type="guid">a407a639325647358d22326700816fc6</split:account>
</trn:split>
</trn:splits>
</gnc:transaction>
<gnc:transaction version="2.0.0">
  <trn:id type="guid">6b2e24111ecf41ec8b2dafb993abfd1e</trn:id>
  <trn:currency>
    <cmdty:space>CURRENCY</cmdty:space>
    <cmdty:id>EUR</cmdty:id>
  </trn:currency>
  <trn:date-posted>
    <ts:date>2024-07-27 10:50:00 +0000</ts:date>
  </trn:date-posted>
  <trn:date-entered>
    <ts:date>2024-09-18 17:00:00 +0000</ts:date>
  </trn:date-entered>
  <trn:description>Anfangsbestand</trn:description>
  <trn:slots>
    <slot>
      <slot:key>date-posted</slot:key>
      <slot:value type="gdate">
        <gdate>2024-07-27</gdate>
      </slot:value>
    </slot>
  </trn:slots>
  <trn:splits>
    <trn:split>
      <split:id type="guid">b5da289963b242a798ce600fa6cc55ad</split:id>
      <split:reconciled-state>n</split:reconciled-state>
      <split:value>-6049/100</split:value>
      <split:quantity>-6049/100</split:quantity>
      <split:account type="guid">c36d6980e0c64aecbbffb39284e9781b</split:account>
</trn:split>
<trn:split>
      <split:id type="guid">8e0a9f174f504d709adc01a77ce667a5</split:id>
      <split:reconciled-state>n</split:reconciled-state>
      <split:value>6049/100</split:value>
      <split:quantity>6049/100</split:quantity>
      <split:account type="guid">a407a639325647358d22326700816fc6</split:account>
</trn:split>
</trn:splits>
</gnc:transaction>
<gnc:transaction version="2.0.0">
  <trn:id type="guid">ef4f952142bd4212a9eac2d0997840c9</trn:id>
  <trn:currency>
    <cmdty:space>CURRENCY</cmdty:space>
    <cmdty:id>EUR</cmdty:id>
  </trn:currency>
  <trn:date-posted>
    <ts:date>2024-07-27 10:50:00 +0000</ts:date>
  </trn:date-posted>
  <trn:date-entered>
    <ts:date>2024-09-18 17:00:00 +0000</ts:date>
  </trn:date-entered>
  <trn:description>Anfangsbestand</trn:description>
  <trn:slots>
    <slot>
      <slot:key>date-posted</slot:key>
      <slot:value type="gdate">
        <gdate>2024-07-27</gdate>
      </slot:value>
    </slot>
  </trn:slots>
  <trn:splits>
    <trn:split>
      <split:id type="guid">e6481ff5b88d465eb7ad9012c42e5fbf</split:id>
      <split:reconciled-state>n</split:reconciled-state>
      <split:value>-4444/100</split:value>
      <split:quantity>-4444/100</split:quantity>
      <split:account type="guid">d3776649b0124128bdc8782ea5847c26</split:account>
</trn:split>
<trn:split>
      <split:id type="guid">1c16ae33c6994f4e858a833b679fcf8e</split:id>
      <split:reconciled-state>n</split:reconciled-state>
      <split:value>4444/100</split:value>
      <split:quantity>4444/100</split:quantity>
      <split:account type="guid">a407a639325647358d22326700816fc6</split:account>
</trn:split>
</trn:splits>
</gnc:transaction>
<gnc:transaction version="2.0.0">
  <trn:id type="guid">f7bca1c13fa94b5ba77c56b98dff5b67</trn:id>
  <trn:currency>
    <cmdty:space>CURRENCY</cmdty:space>
    <cmdty:id>EUR</cmdty:id>
  </trn:currency>
  <trn:date-posted>
    <ts:date>2024-07-27 10:50:00 +0000</ts:date>
  </trn:date-posted>
  <trn:date-entered>
    <ts:date>2024-09-18 17:00:00 +0000</ts:date>
  </trn:date-entered>
  <trn:description>Anfangsbestand</trn:description>
  <trn:slots>
    <slot>
      <slot:key>date-posted</slot:key>
      <slot:value type="gdate">
        <gdate>2024-07-27</gdate>
      </slot:value>
    </slot>
  </trn:slots>
  <trn:splits>
    <trn:split>
      <split:id type="guid">255e1904c640413595b2f5047e736d98</split:id>
      <split:reconciled-state>n</split:reconciled-state>
      <split:value>-982/100</split:value>
      <split:quantity>-982/100</split:quantity>
      <split:account type="guid">1b77228a36ab420c857b92f88f5e6d0c</split:account>
</trn:split>
<trn:split>
      <split:id type="guid">180e5b1f7367431a9a4a9a82d6994910</split:id>
      <split:reconciled-state>n</split:reconciled-state>
      <split:value>982/100</split:value>
      <split:quantity>982/100</split:quantity>
      <split:account type="guid">a407a639325647358d22326700816fc6</split:account>
</trn:split>
</trn:splits>
</gnc:transaction>
<gnc:transaction version="2.0.0">
  <trn:id type="guid">6814b364a7644d269f51efd3ac53b0d3</trn:id>
  <trn:currency>
    <cmdty:space>CURRENCY</cmdty:space>
    <cmdty:id>EUR</cmdty:id>
  </trn:currency>
  <trn:date-posted>
    <ts:date>2024-07-27 10:50:00 +0000</ts:date>
  </trn:date-posted>
  <trn:date-entered>
    <ts:date>2024-09-18 17:00:00 +0000</ts:date>
  </trn:date-entered>
  <trn:description>Anfangsbestand</trn:description>
  <trn:slots>
    <slot>
      <slot:key>date-posted</slot:key>
      <slot:value type="gdate">
        <gdate>2024-07-27</gdate>
      </slot:value>
    </slot>
  </trn:slots>
  <trn:splits>
    <trn:split>
      <split:id type="guid">474900d86915476d829e7a7d3767f3c8</split:id>
      <split:reconciled-state>n</split:reconciled-state>
      <split:value>250/100</split:value>
      <split:quantity>250/100</split:quantity>
      <split:account type="guid">c52ed0ac7d0b4f37a19c7a98ec1a3b1c</split:account>
</trn:split>
<trn:split>
      <split:id type="guid">efbb4e9e7abd4a4aa6d16d1f080103c2</split:id>
      <split:reconciled-state>n</split:reconciled-state>
      <split:value>-250/100</split:value>
      <split:quantity>-250/100</split:quantity>
      <split:account type="guid">a407a639325647358d22326700816fc6</split:account>
</trn:split>
</trn:splits>
</gnc:transaction>
<gnc:transaction version="2.0.0">
  <trn:id type="guid">db296bfe920c414aa30c3603b30ce296</trn:id>
  <trn:currency>
    <cmdty:space>CURRENCY</cmdty:space>
    <cmdty:id>EUR</cmdty:id>
  </trn:currency>
  <trn:date-posted>
    <ts:date>2024-07-27 10:50:00 +0000</ts:date>
  </trn:date-posted>
  <trn:date-entered>
    <ts:date>2024-09-18 17:00:00 +0000</ts:date>
  </trn:date-entered>
  <trn:description>Anfangsbestand</trn:description>
  <trn:slots>
    <slot>
      <slot:key>date-posted</slot:key>
      <slot:value type="gdate">
        <gdate>2024-07-27</gdate>
      </slot:value>
    </slot>
  </trn:slots>
  <trn:splits>
    <trn:split>
      <split:id type="guid">9871d1a4fe36491fa692e081b166362c</split:id>
      <split:reconciled-state>n</split:reconciled-state>
      <split:value>-15028/100</split:value>
      <split:quantity>-15028/100</split:quantity>
      <split:account type="guid">1f83e6c5c8e84f4ea4b33b1c9ed63e17</split:account>
</trn:split>
<trn:split>
      <split:id type="guid">9b1bb1fe1fa5491ea15ad5dc5c653761</split:id>
      <split:reconciled-state>n</split:reconciled-state>
      <split:value>15028/100</split:value>
      <split:quantity>15028/100</split:quantity>
      <split:account type="guid">a407a639325647358d22326700816fc6</split:account>
</trn:split>
</trn:splits>
</gnc:transaction>
<gnc:transaction version="2.0.0">
  <trn:id type="guid">298e8fa5d8d148cca8c8125ad1c2693d</trn:id>
  <trn:currency>
    <cmdty:space>CURRENCY</cmdty:space>
    <cmdty:id>EUR</cmdty:id>
  </trn:currency>
  <trn:date-posted>
    <ts:date>2024-07-27 10:50:00 +0000</ts:date>
  </trn:date-posted>
  <trn:date-entered>
    <ts:date>2024-09-18 17:00:00 +0000</ts:date>
  </trn:date-entered>
  <trn:description>Anfangsbestand</trn:description>
  <trn:slots>
    <slot>
      <slot:key>date-posted</slot:key>
      <slot:value type="gdate">
        <gdate>2024-07-27</gdate>
      </slot:value>
    </slot>
  </trn:slots>
  <trn:splits>
    <trn:split>
      <split:id type="guid">e35db7eb84b14475a392c8a54228a36f</split:id>
      <split:reconciled-state>n</split:reconciled-state>
      <split:value>139/100</split:value>
      <split:quantity>139/100</split:quantity>
      <split:account type="guid">6631f5a6a25a4419bc08ba1beaa6b808</split:account>
</trn:split>
<trn:split>
      <split:id type="guid">80f1f90f30034da7a5dc6746aa6ded53</split:id>
      <split:reconciled-state>n</split:reconciled-state>
      <split:value>-139/100</split:value>
      <split:quantity>-139/100</split:quantity>
      <split:account type="guid">a407a639325647358d22326700816fc6</split:account>
</trn:split>
</trn:splits>
</gnc:transaction>
<gnc:transaction version="2.0.0">
  <trn:id type="guid">cd247616102c4a48bac5404aed4572fd</trn:id>
  <trn:currency>
    <cmdty:space>CURRENCY</cmdty:space>
    <cmdty:id>EUR</cmdty:id>
  </trn:currency>
  <trn:date-posted>
    <ts:date>2024-07-27 10:50:00 +0000</ts:date>
  </trn:date-posted>
  <trn:date-entered>
    <ts:date>2024-09-18 17:00:00 +0000</ts:date>
  </trn:date-entered>
  <trn:description>Anfangsbestand</trn:description>
  <trn:slots>
    <slot>
      <slot:key>date-posted</slot:key>
      <slot:value type="gdate">
        <gdate>2024-07-27</gdate>
      </slot:value>
    </slot>
  </trn:slots>
  <trn:splits>
    <trn:split>
      <split:id type="guid">b96d2de0181e47988d716405f5a378d0</split:id>
      <split:reconciled-state>n</split:reconciled-state>
      <split:value>-4870/100</split:value>
      <split:quantity>-4870/100</split:quantity>
      <split:account type="guid">c3924062ae6e4093b3a3f906df6e8e4e</split:account>
</trn:split>
<trn:split>
      <split:id type="guid">80101fc73678447aa77fc7bfb68a1377</split:id>
      <split:reconciled-state>n</split:reconciled-state>
      <split:value>4870/100</split:value>
      <split:quantity>4870/100</split:quantity>
      <split:account type="guid">a407a639325647358d22326700816fc6</split:account>
</trn:split>
</trn:splits>
</gnc:transaction>
<gnc:transaction version="2.0.0">
  <trn:id type="guid">68cce94b5723446a84ff13b529dfea66</trn:id>
  <trn:currency>
    <cmdty:space>CURRENCY</cmdty:space>
    <cmdty:id>EUR</cmdty:id>
  </trn:currency>
  <trn:date-posted>
    <ts:date>2024-07-27 10:50:00 +0000</ts:date>
  </trn:date-posted>
  <trn:date-entered>
    <ts:date>2024-09-18 17:00:00 +0000</ts:date>
  </trn:date-entered>
  <trn:description>Anfangsbestand</trn:description>
  <trn:slots>
    <slot>
      <slot:key>date-posted</slot:key>
      <slot:value type="gdate">
        <gdate>2024-07-27</gdate>
      </slot:value>
    </slot>
  </trn:slots>
  <trn:splits>
    <trn:split>
      <split:id type="guid">0a7fdad195664eeda282c448f8eae63f</split:id>
      <split:reconciled-state>n</split:reconciled-state>
      <split:value>-584/100</split:value>
      <split:quantity>-584/100</split:quantity>
      <split:account type="guid">e0e5f840f7ed4dc896b0c5b5197d6f73</split:account>
</trn:split>
<trn:split>
      <split:id type="guid">5236ace021384afc8666c44e205bf6ab</split:id>
      <split:reconciled-state>n</split:reconciled-state>
      <split:value>584/100</split:value>
      <split:quantity>584/100</split:quantity>
      <split:account type="guid">a407a639325647358d22326700816fc6</split:account>
</trn:split>
</trn:splits>
</gnc:transaction>
<gnc:transaction version="2.0.0">
  <trn:id type="guid">893246c85cfe412fae1b79b04dc05906</trn:id>
  <trn:currency>
    <cmdty:space>CURRENCY</cmdty:space>
    <cmdty:id>EUR</cmdty:id>
  </trn:currency>
  <trn:date-posted>
    <ts:date>2024-07-27 10:50:00 +0000</ts:date>
  </trn:date-posted>
  <trn:date-entered>
    <ts:date>2024-09-18 17:00:00 +0000</ts:date>
  </trn:date-entered>
  <trn:description>Anfangsbestand</trn:description>
  <trn:slots>
    <slot>
      <slot:key>date-posted</slot:key>
      <slot:value type="gdate">
        <gdate>2024-07-27</gdate>
      </slot:value>
    </slot>
  </trn:slots>
  <trn:splits>
    <trn:split>
      <split:id type="guid">d8d7a9d4a82f407cb830aec9c9e3f1d6</split:id>
      <split:reconciled-state>n</split:reconciled-state>
      <split:value>-1387/100</split:value>
      <split:quantity>-1387/100</split:quantity>
      <split:account type="guid">2bd5af159dfb483c81bb74067f1b941c</split:account>
</trn:split>
<trn:split>
      <split:id type="guid">8acced42ccc8490ea96240c5d497a3d6</split:id>
      <split:reconciled-state>n</split:reconciled-state>
      <split:value>1387/100</split:value>
      <split:quantity>1387/100</split:quantity>
      <split:account type="guid">a407a639325647358d22326700816fc6</split:account>
</trn:split>
</trn:splits>
</gnc:transaction>
<gnc:transaction version="2.0.0">
  <trn:id type="guid">75a58a92a77d4cf2bb435a2c3f355800</trn:id>
  <trn:currency>
    <cmdty:space>CURRENCY</cmdty:space>
    <cmdty:id>EUR</cmdty:id>
  </trn:currency>
  <trn:date-posted>
    <ts:date>2024-07-27 10:50:00 +0000</ts:date>
  </trn:date-posted>
  <trn:date-entered>
    <ts:date>2024-09-18 17:00:00 +0000</ts:date>
  </trn:date-entered>
  <trn:description>Anfangsbestand</trn:description>
  <trn:slots>
    <slot>
      <slot:key>date-posted</slot:key>
      <slot:value type="gdate">
        <gdate>2024-07-27</gdate>
      </slot:value>
    </slot>
  </trn:slots>
  <trn:splits>
    <trn:split>
      <split:id type="guid">a2c7ebe5b26440a7a367b89e0f153169</split:id>
      <split:reconciled-state>n</split:reconciled-state>
      <split:value>-1170/100</split:value>
      <split:quantity>-1170/100</split:quantity>
      <split:account type="guid">b9935e38a8e944848f3c6e8792946338</split:account>
</trn:split>
<trn:split>
      <split:id type="guid">7a8e70d6e6584042a140feb9cbc1b050</split:id>
      <split:reconciled-state>n</split:reconciled-state>
      <split:value>1170/100</split:value>
      <split:quantity>1170/100</split:quantity>
      <split:account type="guid">a407a639325647358d22326700816fc6</split:account>
</trn:split>
</trn:splits>
</gnc:transaction>
<gnc:transaction version="2.0.0">
  <trn:id type="guid">9c6ca9d3db62438a88353f974940f24c</trn:id>
  <trn:currency>
    <cmdty:space>CURRENCY</cmdty:space>
    <cmdty:id>EUR</cmdty:id>
  </trn:currency>
  <trn:date-posted>
    <ts:date>2024-07-27 10:50:00 +0000</ts:date>
  </trn:date-posted>
  <trn:date-entered>
    <ts:date>2024-09-18 17:00:00 +0000</ts:date>
  </trn:date-entered>
  <trn:description>Anfangsbestand</trn:description>
  <trn:slots>
    <slot>
      <slot:key>date-posted</slot:key>
      <slot:value type="gdate">
        <gdate>2024-07-27</gdate>
      </slot:value>
    </slot>
  </trn:slots>
  <trn:splits>
    <trn:split>
      <split:id type="guid">3d3b7877a37547ef801031731d9cbe3e</split:id>
      <split:reconciled-state>n</split:reconciled-state>
      <split:value>-4079/100</split:value>
      <split:quantity>-4079/100</split:quantity>
      <split:account type="guid">42e366584fd54232bf84641ee7393083</split:account>
</trn:split>
<trn:split>
      <split:id type="guid">e9128818768b4a08aa19b4f201e62822</split:id>
      <split:reconciled-state>n</split:reconciled-state>
      <split:value>4079/100</split:value>
      <split:quantity>4079/100</split:quantity>
      <split:account type="guid">a407a639325647358d22326700816fc6</split:account>
</trn:split>
</trn:splits>
</gnc:transaction>
<gnc:transaction version="2.0.0">
  <trn:id type="guid">3edd51636ac24637a59d0709481f53d1</trn:id>
  <trn:currency>
    <cmdty:space>CURRENCY</cmdty:space>
    <cmdty:id>EUR</cmdty:id>
  </trn:currency>
  <trn:date-posted>
    <ts:date>2024-07-27 10:50:00 +0000</ts:date>
  </trn:date-posted>
  <trn:date-entered>
    <ts:date>2024-09-18 17:00:00 +0000</ts:date>
  </trn:date-entered>
  <trn:description>Anfangsbestand</trn:description>
  <trn:slots>
    <slot>
      <slot:key>date-posted</slot:key>
      <slot:value type="gdate">
        <gdate>2024-07-27</gdate>
      </slot:value>
    </slot>
  </trn:slots>
  <trn:splits>
    <trn:split>
      <split:id type="guid">80168d490e514efc907c92c256d570e2</split:id>
      <split:reconciled-state>n</split:reconciled-state>
      <split:value>-843/100</split:value>
      <split:quantity>-843/100</split:quantity>
      <split:account type="guid">22132ec544284ba582927eea534dfa79</split:account>
</trn:split>
<trn:split>
      <split:id type="guid">ec3afb3f9ee94dba9eefe6fd0632a465</split:id>
      <split:reconciled-state>n</split:reconciled-state>
      <split:value>843/100</split:value>
      <split:quantity>843/100</split:quantity>
      <split:account type="guid">a407a639325647358d22326700816fc6</split:account>
</trn:split>
</trn:splits>
</gnc:transaction>
<gnc:transaction version="2.0.0">
  <trn:id type="guid">7c128b51c4d74d82861c9074af8f654f</trn:id>
  <trn:currency>
    <cmdty:space>CURRENCY</cmdty:space>
    <cmdty:id>EUR</cmdty:id>
  </trn:currency>
  <trn:date-posted>
    <ts:date>2024-07-27 10:50:00 +0000</ts:date>
  </trn:date-posted>
  <trn:date-entered>
    <ts:date>2024-09-18 17:00:00 +0000</ts:date>
  </trn:date-entered>
  <trn:description>Anfangsbestand</trn:description>
  <trn:slots>
    <slot>
      <slot:key>date-posted</slot:key>
      <slot:value type="gdate">
        <gdate>2024-07-27</gdate>
      </slot:value>
    </slot>
  </trn:slots>
  <trn:splits>
    <trn:split>
      <split:id type="guid">4bc419ae219e43b580a29fb36d10f81e</split:id>
      <split:reconciled-state>n</split:reconciled-state>
      <split:value>-675/100</split:value>
      <split:quantity>-675/100</split:quantity>
      <split:account type="guid">b6d1bee49d4a4b3db778d5ccaa88260c</split:account>
</trn:split>
<trn:split>
      <split:id type="guid">1d827434975c4e62aaefc4afe387b1a7</split:id>
      <split:reconciled-state>n</split:reconciled-state>
      <split:value>675/100</split:value>
      <split:quantity>675/100</split:quantity>
      <split:account type="guid">a407a639325647358d22326700816fc6</split:account>
</trn:split>
</trn:splits>
</gnc:transaction>
<gnc:transaction version="2.0.0">
  <trn:id type="guid">f19aaab78a774774b045896d498be803</trn:id>
  <trn:currency>
    <cmdty:space>CURRENCY</cmdty:space>
    <cmdty:id>EUR</cmdty:id>
  </trn:currency>
  <trn:date-posted>
    <ts:date>2024-07-27 10:50:00 +0000</ts:date>
  </trn:date-posted>
  <trn:date-entered>
    <ts:date>2024-09-18 17:00:00 +0000</ts:date>
  </trn:date-entered>
  <trn:description>Anfangsbestand</trn:description>
  <trn:slots>
    <slot>
      <slot:key>date-posted</slot:key>
      <slot:value type="gdate">
        <gdate>2024-07-27</gdate>
      </slot:value>
    </slot>
  </trn:slots>
  <trn:splits>
    <trn:split>
      <split:id type="guid">facc9b8a1eb24508b06b75a2f3badf94</split:id>
      <split:reconciled-state>n</split:reconciled-state>
      <split:value>-2599/100</split:value>
      <split:quantity>-2599/100</split:quantity>
      <split:account type="guid">84474bb31d044e57895e39c06698b285</split:account>
</trn:split>
<trn:split>
      <split:id type="guid">9b9d768158cd4b1382d095a911690dd0</split:id>
      <split:reconciled-state>n</split:reconciled-state>
      <split:value>2599/100</split:value>
      <split:quantity>2599/100</split:quantity>
      <split:account type="guid">a407a639325647358d22326700816fc6</split:account>
</trn:split>
</trn:splits>
</gnc:transaction>
<gnc:transaction version="2.0.0">
  <trn:id type="guid">d09582c3d07346de999d7e8beaa8b321</trn:id>
  <trn:currency>
    <cmdty:space>CURRENCY</cmdty:space>
    <cmdty:id>EUR</cmdty:id>
  </trn:currency>
  <trn:date-posted>
    <ts:date>2024-07-27 10:50:00 +0000</ts:date>
  </trn:date-posted>
  <trn:date-entered>
    <ts:date>2024-09-18 17:00:00 +0000</ts:date>
  </trn:date-entered>
  <trn:description>Anfangsbestand</trn:description>
  <trn:slots>
    <slot>
      <slot:key>date-posted</slot:key>
      <slot:value type="gdate">
        <gdate>2024-07-27</gdate>
      </slot:value>
    </slot>
  </trn:slots>
  <trn:splits>
    <trn:split>
      <split:id type="guid">8e62fc3c406b45e8b42b4f7559c26a57</split:id>
      <split:reconciled-state>n</split:reconciled-state>
      <split:value>-9551/100</split:value>
      <split:quantity>-9551/100</split:quantity>
      <split:account type="guid">0f80a82f644249888db0b4f3b33fc900</split:account>
</trn:split>
<trn:split>
      <split:id type="guid">4edb356953794d688e7087cdd3a1e9fa</split:id>
      <split:reconciled-state>n</split:reconciled-state>
      <split:value>9551/100</split:value>
      <split:quantity>9551/100</split:quantity>
      <split:account type="guid">a407a639325647358d22326700816fc6</split:account>
</trn:split>
</trn:splits>
</gnc:transaction>
<gnc:transaction version="2.0.0">
  <trn:id type="guid">497203036ab0481f8db4313bd40495e8</trn:id>
  <trn:currency>
    <cmdty:space>CURRENCY</cmdty:space>
    <cmdty:id>EUR</cmdty:id>
  </trn:currency>
  <trn:date-posted>
    <ts:date>2024-07-27 10:50:00 +0000</ts:date>
  </trn:date-posted>
  <trn:date-entered>
    <ts:date>2024-09-18 17:00:00 +0000</ts:date>
  </trn:date-entered>
  <trn:description>Anfangsbestand</trn:description>
  <trn:slots>
    <slot>
      <slot:key>date-posted</slot:key>
      <slot:value type="gdate">
        <gdate>2024-07-27</gdate>
      </slot:value>
    </slot>
  </trn:slots>
  <trn:splits>
    <trn:split>
      <split:id type="guid">6b23695b615d486a95f61feda390590e</split:id>
      <split:reconciled-state>n</split:reconciled-state>
      <split:value>-10302/100</split:value>
      <split:quantity>-10302/100</split:quantity>
      <split:account type="guid">ec5b843f2003470fa9ac9fe8ce9596a1</split:account>
</trn:split>
<trn:split>
      <split:id type="guid">18e7f396a92644b09260021cb1ed7a33</split:id>
      <split:reconciled-state>n</split:reconciled-state>
      <split:value>10302/100</split:value>
      <split:quantity>10302/100</split:quantity>
      <split:account type="guid">a407a639325647358d22326700816fc6</split:account>
</trn:split>
</trn:splits>
</gnc:transaction>
<gnc:transaction version="2.0.0">
  <trn:id type="guid">fe637470911a442fb3396ce4cf1d305f</trn:id>
  <trn:currency>
    <cmdty:space>CURRENCY</cmdty:space>
    <cmdty:id>EUR</cmdty:id>
  </trn:currency>
  <trn:date-posted>
    <ts:date>2024-07-27 10:50:00 +0000</ts:date>
  </trn:date-posted>
  <trn:date-entered>
    <ts:date>2024-09-18 17:00:00 +0000</ts:date>
  </trn:date-entered>
  <trn:description>Anfangsbestand</trn:description>
  <trn:slots>
    <slot>
      <slot:key>date-posted</slot:key>
      <slot:value type="gdate">
        <gdate>2024-07-27</gdate>
      </slot:value>
    </slot>
  </trn:slots>
  <trn:splits>
    <trn:split>
      <split:id type="guid">d2a8eb6c31614139b2a2cb8100169a66</split:id>
      <split:reconciled-state>n</split:reconciled-state>
      <split:value>-3391/100</split:value>
      <split:quantity>-3391/100</split:quantity>
      <split:account type="guid">3ccc6caacfec4a548a95e006d00cca87</split:account>
</trn:split>
<trn:split>
      <split:id type="guid">20e3752c46cd4c4396b3c819dab5b97b</split:id>
      <split:reconciled-state>n</split:reconciled-state>
      <split:value>3391/100</split:value>
      <split:quantity>3391/100</split:quantity>
      <split:account type="guid">a407a639325647358d22326700816fc6</split:account>
</trn:split>
</trn:splits>
</gnc:transaction>
<gnc:transaction version="2.0.0">
  <trn:id type="guid">32924d3c0d1f4290b652abd80ef8e6fd</trn:id>
  <trn:currency>
    <cmdty:space>CURRENCY</cmdty:space>
    <cmdty:id>EUR</cmdty:id>
  </trn:currency>
  <trn:date-posted>
    <ts:date>2024-07-27 10:50:00 +0000</ts:date>
  </trn:date-posted>
  <trn:date-entered>
    <ts:date>2024-09-18 17:00:00 +0000</ts:date>
  </trn:date-entered>
  <trn:description>Anfangsbestand</trn:description>
  <trn:slots>
    <slot>
      <slot:key>date-posted</slot:key>
      <slot:value type="gdate">
        <gdate>2024-07-27</gdate>
      </slot:value>
    </slot>
  </trn:slots>
  <trn:splits>
    <trn:split>
      <split:id type="guid">e2bf674b77924c1f86f4cbc7bd7a6a39</split:id>
      <split:reconciled-state>n</split:reconciled-state>
      <split:value>-17699/100</split:value>
      <split:quantity>-17699/100</split:quantity>
      <split:account type="guid">34c58a8b806543d19fd787a94b482263</split:account>
</trn:split>
<trn:split>
      <split:id type="guid">93c088a17e8a486ea38df34ed05fdf95</split:id>
      <split:reconciled-state>n</split:reconciled-state>
      <split:value>17699/100</split:value>
      <split:quantity>17699/100</split:quantity>
      <split:account type="guid">a407a639325647358d22326700816fc6</split:account>
</trn:split>
</trn:splits>
</gnc:transaction>
<gnc:transaction version="2.0.0">
  <trn:id type="guid">feb46ea926e14b4bac9380182a5a77d1</trn:id>
  <trn:currency>
    <cmdty:space>CURRENCY</cmdty:space>
    <cmdty:id>EUR</cmdty:id>
  </trn:currency>
  <trn:date-posted>
    <ts:date>2024-07-27 10:50:00 +0000</ts:date>
  </trn:date-posted>
  <trn:date-entered>
    <ts:date>2024-09-18 17:00:00 +0000</ts:date>
  </trn:date-entered>
  <trn:description>Anfangsbestand</trn:description>
  <trn:slots>
    <slot>
      <slot:key>date-posted</slot:key>
      <slot:value type="gdate">
        <gdate>2024-07-27</gdate>
      </slot:value>
    </slot>
  </trn:slots>
  <trn:splits>
    <trn:split>
      <split:id type="guid">9a464b92e0b747a8b87b90e6276d475c</split:id>
      <split:reconciled-state>n</split:reconciled-state>
      <split:value>-5609/100</split:value>
      <split:quantity>-5609/100</split:quantity>
      <split:account type="guid">82ea050b05574247b346fae3c6effe6f</split:account>
</trn:split>
<trn:split>
      <split:id type="guid">8e30352b18914bd99b893aad855b725f</split:id>
      <split:reconciled-state>n</split:reconciled-state>
      <split:value>5609/100</split:value>
      <split:quantity>5609/100</split:quantity>
      <split:account type="guid">a407a639325647358d22326700816fc6</split:account>
</trn:split>
</trn:splits>
</gnc:transaction>
<gnc:transaction version="2.0.0">
  <trn:id type="guid">72a44e987c344c898ef8c2046c1d6a2b</trn:id>
  <trn:currency>
    <cmdty:space>CURRENCY</cmdty:space>
    <cmdty:id>EUR</cmdty:id>
  </trn:currency>
  <trn:date-posted>
    <ts:date>2024-07-27 10:50:00 +0000</ts:date>
  </trn:date-posted>
  <trn:date-entered>
    <ts:date>2024-09-18 17:00:00 +0000</ts:date>
  </trn:date-entered>
  <trn:description>Anfangsbestand</trn:description>
  <trn:slots>
    <slot>
      <slot:key>date-posted</slot:key>
      <slot:value type="gdate">
        <gdate>2024-07-27</gdate>
      </slot:value>
    </slot>
  </trn:slots>
  <trn:splits>
    <trn:split>
      <split:id type="guid">0cf6ce37c8994516976bb6728055cda1</split:id>
      <split:reconciled-state>n</split:reconciled-state>
      <split:value>-1250/100</split:value>
      <split:quantity>-1250/100</split:quantity>
      <split:account type="guid">6cfe2d3cd5a14567b72aaeda40cb37c0</split:account>
</trn:split>
<trn:split>
      <split:id type="guid">e9ab04352f1f48c6a70ee171f03dc5be</split:id>
      <split:reconciled-state>n</split:reconciled-state>
      <split:value>1250/100</split:value>
      <split:quantity>1250/100</split:quantity>
      <split:account type="guid">a407a639325647358d22326700816fc6</split:account>
</trn:split>
</trn:splits>
</gnc:transaction>
<gnc:transaction version="2.0.0">
  <trn:id type="guid">0e269b397e3f401684db07b722381494</trn:id>
  <trn:currency>
    <cmdty:space>CURRENCY</cmdty:space>
    <cmdty:id>EUR</cmdty:id>
  </trn:currency>
  <trn:date-posted>
    <ts:date>2024-07-27 10:50:00 +0000</ts:date>
  </trn:date-posted>
  <trn:date-entered>
    <ts:date>2024-09-18 17:00:00 +0000</ts:date>
  </trn:date-entered>
  <trn:description>Anfangsbestand</trn:description>
  <trn:slots>
    <slot>
      <slot:key>date-posted</slot:key>
      <slot:value type="gdate">
        <gdate>2024-07-27</gdate>
      </slot:value>
    </slot>
  </trn:slots>
  <trn:splits>
    <trn:split>
      <split:id type="guid">5e96945a830a47fe8a56ebb9ab7bf888</split:id>
      <split:reconciled-state>n</split:reconciled-state>
      <split:value>-39450/100</split:value>
      <split:quantity>-39450/100</split:quantity>
      <split:account type="guid">7b8f0e6307ad4448879bfe6f3158dd65</split:account>
</trn:split>
<trn:split>
      <split:id type="guid">5dc9ea7153934832bb4134187e02cb7a</split:id>
      <split:reconciled-state>n</split:reconciled-state>
      <split:value>39450/100</split:value>
      <split:quantity>39450/100</split:quantity>
      <split:account type="guid">a407a639325647358d22326700816fc6</split:account>
</trn:split>
</trn:splits>
</gnc:transaction>
<gnc:transaction version="2.0.0">
  <trn:id type="guid">83e7874211f64cbdb61b8e196ed9f0b9</trn:id>
  <trn:currency>
    <cmdty:space>CURRENCY</cmdty:space>
    <cmdty:id>EUR</cmdty:id>
  </trn:currency>
  <trn:date-posted>
    <ts:date>2024-07-27 10:50:00 +0000</ts:date>
  </trn:date-posted>
  <trn:date-entered>
    <ts:date>2024-09-18 17:00:00 +0000</ts:date>
  </trn:date-entered>
  <trn:description>Anfangsbestand</trn:description>
  <trn:slots>
    <slot>
      <slot:key>date-posted</slot:key>
      <slot:value type="gdate">
        <gdate>2024-07-27</gdate>
      </slot:value>
    </slot>
  </trn:slots>
  <trn:splits>
    <trn:split>
      <split:id type="guid">c1fad15e067f42a2b644a54eae8cda51</split:id>
      <split:reconciled-state>n</split:reconciled-state>
      <split:value>-4055/100</split:value>
      <split:quantity>-4055/100</split:quantity>
      <split:account type="guid">0bed0c5fde7a4d75990e893437b6886a</split:account>
</trn:split>
<trn:split>
      <split:id type="guid">1e778cbe95b546ba9a6bb63a7ba10f3b</split:id>
      <split:reconciled-state>n</split:reconciled-state>
      <split:value>4055/100</split:value>
      <split:quantity>4055/100</split:quantity>
      <split:account type="guid">a407a639325647358d22326700816fc6</split:account>
</trn:split>
</trn:splits>
</gnc:transaction>
<gnc:transaction version="2.0.0">
  <trn:id type="guid">feedda43480c473280c4c6fe50801b78</trn:id>
  <trn:currency>
    <cmdty:space>CURRENCY</cmdty:space>
    <cmdty:id>EUR</cmdty:id>
  </trn:currency>
  <trn:date-posted>
    <ts:date>2024-07-27 10:50:00 +0000</ts:date>
  </trn:date-posted>
  <trn:date-entered>
    <ts:date>2024-09-18 17:00:00 +0000</ts:date>
  </trn:date-entered>
  <trn:description>Anfangsbestand</trn:description>
  <trn:slots>
    <slot>
      <slot:key>date-posted</slot:key>
      <slot:value type="gdate">
        <gdate>2024-07-27</gdate>
      </slot:value>
    </slot>
  </trn:slots>
  <trn:splits>
    <trn:split>
      <split:id type="guid">4a7866bfcede4dea845af5e205b3d3dc</split:id>
      <split:reconciled-state>n</split:reconciled-state>
      <split:value>-2831/100</split:value>
      <split:quantity>-2831/100</split:quantity>
      <split:account type="guid">846f09309e0d472b8adb9027fabbad8f</split:account>
</trn:split>
<trn:split>
      <split:id type="guid">bbdc49bf590d45fdaf7e47753954cd00</split:id>
      <split:reconciled-state>n</split:reconciled-state>
      <split:value>2831/100</split:value>
      <split:quantity>2831/100</split:quantity>
      <split:account type="guid">a407a639325647358d22326700816fc6</split:account>
</trn:split>
</trn:splits>
</gnc:transaction>
<gnc:transaction version="2.0.0">
  <trn:id type="guid">2ea4acacbdbb47babd33762e682e5eea</trn:id>
  <trn:currency>
    <cmdty:space>CURRENCY</cmdty:space>
    <cmdty:id>EUR</cmdty:id>
  </trn:currency>
  <trn:date-posted>
    <ts:date>2024-07-27 10:50:00 +0000</ts:date>
  </trn:date-posted>
  <trn:date-entered>
    <ts:date>2024-09-18 17:00:00 +0000</ts:date>
  </trn:date-entered>
  <trn:description>Anfangsbestand</trn:description>
  <trn:slots>
    <slot>
      <slot:key>date-posted</slot:key>
      <slot:value type="gdate">
        <gdate>2024-07-27</gdate>
      </slot:value>
    </slot>
  </trn:slots>
  <trn:splits>
    <trn:split>
      <split:id type="guid">bfba2ec0819b4a889f0358edab90e89d</split:id>
      <split:reconciled-state>n</split:reconciled-state>
      <split:value>-106645/100</split:value>
      <split:quantity>-106645/100</split:quantity>
      <split:account type="guid">b98fa7c0d26148dbac98c95ddd4aa979</split:account>
</trn:split>
<trn:split>
      <split:id type="guid">2ed10ece71884bb19378e36e365ec402</split:id>
      <split:reconciled-state>n</split:reconciled-state>
      <split:value>106645/100</split:value>
      <split:quantity>106645/100</split:quantity>
      <split:account type="guid">a407a639325647358d22326700816fc6</split:account>
</trn:split>
</trn:splits>
</gnc:transaction>
<gnc:transaction version="2.0.0">
  <trn:id type="guid">711ab32a44a54fb480af8f3875617573</trn:id>
  <trn:currency>
    <cmdty:space>CURRENCY</cmdty:space>
    <cmdty:id>EUR</cmdty:id>
  </trn:currency>
  <trn:date-posted>
    <ts:date>2024-07-27 10:50:00 +0000</ts:date>
  </trn:date-posted>
  <trn:date-entered>
    <ts:date>2024-09-18 17:00:00 +0000</ts:date>
  </trn:date-entered>
  <trn:description>Anfangsbestand</trn:description>
  <trn:slots>
    <slot>
      <slot:key>date-posted</slot:key>
      <slot:value type="gdate">
        <gdate>2024-07-27</gdate>
      </slot:value>
    </slot>
  </trn:slots>
  <trn:splits>
    <trn:split>
      <split:id type="guid">d6a59fa7bf3a48bea872c0ba1f837cfd</split:id>
      <split:reconciled-state>n</split:reconciled-state>
      <split:value>-14799/100</split:value>
      <split:quantity>-14799/100</split:quantity>
      <split:account type="guid">425cf0cd2c244ba1adc3d70e0d38b9f3</split:account>
</trn:split>
<trn:split>
      <split:id type="guid">23a4c0cfa0e94bebbf583431cea86184</split:id>
      <split:reconciled-state>n</split:reconciled-state>
      <split:value>14799/100</split:value>
      <split:quantity>14799/100</split:quantity>
      <split:account type="guid">a407a639325647358d22326700816fc6</split:account>
</trn:split>
</trn:splits>
</gnc:transaction>
